2078 3338
498 826 926 888 CAPITULUM
968 826 1286 887 PRIMUM.

117 973 195 1051 565¹ss
290 987 390 1028 Iam
428 987 588 1029 ultimo
631 993 782 1028 restat
825 987 989 1028 videre
1035 988 1275 1040 quomodo
1325 986 1552 1040 Christus,
1567 996 1633 1023 Our
1653 994 1770 1031 subject
1788 996 1825 1023 is:

234 1058 448 1098 dominus
480 1064 655 1111 noster,
690 1063 833 1112 caput
866 1058 1146 1098 universalis
1181 1057 1396 1110 ecclesie,
1430 1058 1549 1098 ordi·
1566 1029 1780 1128 Lyhiissi-akrss}
1793 1031 1840 1127 Ofd

232 1127 361 1168 navit
383 1141 605 1181 sponsam
620 1141 749 1168 suam
765 1129 1024 1168 secundum
1039 1129 1213 1180 gradus
1231 1127 1551 1168 ecclesiastice
1565 1105 1839 1163 foirffitsofflhiirncin

201 1198 503 1241 5hierarchie.
565 1199 661 1246 Pro
702 1198 834 1239 cuius
874 1197 1198 1238 declaracione
1236 1211 1438 1239 necesse
1479 1203 1552 1238 est

232 1268 384 1321 primo
417 1281 691 1322 supponere
725 1267 1092 1309 stabilimentum
1119 1267 1381 1309 autoritatis
1404 1268 1550 1322 scrip-

232 1343 348 1388 ture,
391 1339 449 1378 de
488 1352 582 1392 quo
621 1344 755 1392 patet
793 1338 999 1392 capitulo
1032 1338 1156 1378 XIV
1187 1337 1294 1378 libri
1331 1337 1549 1391 proximi.

232 1406 455 1449 Secundo
489 1421 711 1462 suppono
740 1409 958 1461 vulgatas
991 1408 1368 1462 significaciones
1400 1407 1551 1448 termi-

230 1491 397 1518 norum
436 1478 713 1532 questionis,
760 1492 878 1532 quas
930 1478 1038 1518 alibi
1084 1491 1277 1532 expono
1325 1476 1552 1519 diffusius.

179 1568 217 1589 10
233 1546 416 1600 Quibus
450 1548 711 1602 suppositis
743 1553 965 1601 superest
997 1553 1200 1588 tractare
1239 1549 1293 1588 a'e
1322 1548 1550 1601 partibus,
1578 1553 1824 1616 Wrssaffisctleffi-St

231 1619 286 1659 de
321 1620 582 1672 quantitate,
620 1619 674 1660 de
710 1620 928 1672 qualitate
965 1622 1005 1659 et
1040 1619 1303 1659 habitudine
1336 1619 1551 1658 moderue
1578 1624 1833 1686 {Vffssj'tssfflegrsss

232 1689 408 1729 ecclesie
438 1690 502 1729 ad
525 1689 750 1742 priorem.
795 1689 856 1728 Et
889 1701 992 1728 cum
1023 1688 1181 1728 innata
1213 1687 1274 1728 sit
1304 1687 1443 1728 nobis
1475 1687 1551 1728 via
1591 1694 1629 1721 its
1650 1694 1818 1722 accidents.

230 1758 378 1799 instar
419 1763 584 1798 nature
628 1771 653 1798 a
701 1757 848 1811 priori
897 1759 1177 1811 procedere,
1231 1756 1551 1798 necessarium

231 1827 420 1868 videtur
451 1827 783 1868 scholasticum
815 1827 1012 1868 stabiliri
1042 1827 1089 1867 in
1120 1826 1317 1868 materia
1339 1827 1397 1867 de
1422 1814 1550 1880 quid-

181 1897 377 1938 15ditate
412 1904 459 1939 et
491 1897 814 1938 accidentibus
846 1896 1113 1950 potestatis.

290 1967 513 2008 Potestas
568 1967 690 2007 enim
743 1972 816 2007 est
871 1966 1138 2007 universale
1189 1966 1552 2007 instrumentum
1585 1973 1824 2036 igowxffffiicshttff

234 2037 462 2091 operandi
502 2042 549 2078 et
590 2036 963 2077 communicandi
998 2035 1046 2076 in
1077 2036 1168 2077 ista
1198 2036 1401 2077 materia.
1453 2036 1551 2076 De·
1567 2018 1845 2105 effeycqnovemhefit

234 2107 455 2148 scribitur
493 2113 647 2148 autem
685 2112 901 2162 potestas
941 2107 998 2146 ab
1030 2106 1293 2146 Aristotele
1326 2105 1372 2146 V
1405 2106 1551 2146 Meta-
1597 2086 1818 2141 orassssiiiffff.¹n

233 2177 434 2231 physice
473 2190 486 2215 1
532 2178 660 2231 quod
700 2181 761 2218 est
796 2177 1083 2230 principium
1123 2180 1272 2216 motus
1308 2177 1376 2216 vel
1407 2179 1552 2216 muta-

179 2266 220 2287 20
234 2249 377 2288 ciouis
408 2251 487 2289 aut
523 2249 570 2288 iu
607 2249 750 2288 altero
782 2250 862 2288 aut
892 2248 940 2287 iu
971 2249 1194 2299 quantum
1233 2247 1442 2287 alterum.
1493 2245 1555 2285 Et

309 2397 352 2425 15.
374 2398 401 2424 A
422 2396 452 2423 in
473 2404 588 2432 marg:
609 2396 750 2424 Potestas
769 2396 844 2432 quid
863 2398 916 2423 est.

307 2491 338 2523 7.
364 2480 468 2512 Libri
479 2481 653 2522 proximi¹¹
673 2490 773 2511 error
791 2480 844 2521 (ut
861 2478 1015 2522 videtur)
1034 2478 1230 2511 scribentis.
1253 2478 1356 2510 Liber
1373 2478 1556 2520 proximus

238 2545 290 2571 est
306 2538 358 2571 De
378 2538 509 2579 Officio
528 2539 632 2581 regis,
660 2539 692 2569 in
713 2548 784 2580 quo
805 2538 847 2569 de
873 2543 1044 2579 potestate
1063 2537 1291 2568 solummodo
1317 2536 1408 2578 regis
1434 2536 1555 2578 agitur.

239 2597 527 2629 stabilimentum
580 2597 788 2629 autoritatis
824 2605 924 2628 sacre
960 2596 1142 2637 scripture
1184 2595 1219 2626 in
1261 2594 1350 2626 libro
1387 2592 1558 2625 Johannis

238 2654 372 2698 Wyclif
405 2655 456 2686 De
480 2655 633 2687 Veritate
672 2655 775 2685 Sacre
813 2654 993 2695 Scripture
1031 2663 1144 2695 nuper
1182 2662 1200 2683 a
1239 2652 1444 2684 doctissimo
1481 2651 1558 2682 viro

242 2713 394 2744 Rudolfo
433 2713 658 2754 Buddensieg
698 2713 792 2744 edito
832 2712 930 2753 quasi
969 2722 1031 2753 per
1067 2717 1181 2743 totum
1219 2710 1378 2742 invenire
1415 2709 1558 2752 poteris.

243 2778 294 2814 Π).
322 2772 463 2802 Rectius
488 2770 685 2802 Aristotelis
711 2769 863 2811 Metaph.
891 2769 947 2812 IV7
979 2779 1029 2811 12⁷
1060 2769 1113 2801 ed.
1141 2768 1237 2801 acad.
1265 2768 1467 2799 Borussica:
1494 2766 1559 2798 Po-

240 2829 353 2861 tencia
389 2829 524 2860 dicitur
550 2853 557 2861 .
583 2853 591 2861 .
617 2851 624 2860 .
646 2828 874 2869 principium
912 2828 1029 2859 motus
1065 2827 1129 2858 aut
1165 2825 1484 2858 transmutacionis
1521 2824 1560 2855 iu

239 2888 352 2919 altero
377 2889 440 2919 aut
460 2888 574 2928 prout
598 2888 753 2919 alterum
780 2887 838 2918 est.

310 2949 352 2972 De
368 2948 518 2973 Potestate
534 2949 621 2976 Papo.
1408 2951 1414 2971 1
