2078 3338
264 274 342 312 124
983 269 1209 301 JOHANNIS
1237 269 1421 300 WYCLIF
1690 255 1797 312 [CAP.
1815 265 1864 293 VI.

550 374 853 428 antiphrasim
896 375 1082 414 locutus
1134 379 1206 413 est
1249 373 1458 426 ymnice,
1510 372 1632 412 sicut
1682 373 1867 426 quando

548 445 661 485 dicit
727 444 855 497 quod
915 443 1025 483 talia
1091 443 1271 482 debent
1329 455 1417 495 per
1484 441 1867 495 contemptibiles

547 512 751 554 ecclesie
796 512 1003 564 iudicari,
1053 517 1101 551 et
1144 511 1211 551 sic
1255 510 1336 551 ubi
1380 510 1592 551 Christus
1638 524 1741 551 cum
1785 524 1868 551 sua

545 583 718 623 familia
761 595 1023 635 suspensus
1068 581 1155 621 fuit
1200 594 1224 621 a
1266 580 1438 621 talibus
1468 580 1718 621 intendens
1748 592 1867 632 pure

547 652 685 693 saluti
717 652 878 702 anime,
921 651 1013 692 iste
1045 651 1237 691 Pseudo
1278 664 1383 691 cum
1415 663 1498 690 sua
1528 649 1698 690 familia
1727 648 1900 689 trahit5

547 722 637 763 sibi
660 721 815 762 omnia
846 720 1075 761 secularia
1106 720 1322 775 negocia,
1355 719 1515 773 gracia
1547 718 1868 773 congregandi

545 792 760 845 pecunie.

258 870 532 941 hurffiss'lycfflmhis
602 861 815 915 Decimo,
846 861 928 901 ubi
962 860 1174 901 Christus
1219 859 1429 901 ostendit
1471 859 1707 900 humiliter
1737 872 1867 900 suam

286 940 377 1002 ἓξὲξ
394 941 498 1003 ἓιέᾱὴείῑδ
546 931 905 972 inferioritatem
940 932 1102 971 celans
1136 931 1222 970 sub
1255 935 1379 971 testa
1408 929 1706 971 humanitatis
1738 942 1868 969 suam

308 1011 484 1044 manh00d;
548 1001 851 1053 divinitatem,
897 1007 950 1041 ut
991 1006 1126 1054 patet
1155 1001 1258 1052 Joh.
1289 1000 1414 1041 XIV
1446 1006 1495 1041 et
1532 999 1640 1040 alibi
1672 1013 1788 1053 sepe
1820 998 1868 1038 in
1887 1012 1926 1033 10

285 1046 498 1141 εῑὲῑὲῗπεξῗρρῖε
549 1071 811 1125 evangelio,
854 1071 947 1111 iste
990 1071 1183 1111 Pseudo
1224 1072 1484 1124 proclamat
1514 1069 1787 1124 pompatice
1821 1074 1870 1109 et

343 1122 457 1184 effrthin
546 1141 776 1182 blasfeme
829 1142 959 1195 quod
1004 1146 1077 1181 est
1118 1141 1253 1181 Deus
1297 1140 1473 1181 mixtus
1523 1141 1602 1180 vel
1643 1140 1777 1180 Deus
1820 1138 1868 1178 in

547 1211 699 1264 terris,
740 1224 881 1264 quem
913 1224 1052 1250 nemo
1087 1210 1233 1250 debet
1265 1210 1518 1263 corripere,
1552 1223 1656 1250 cum
1686 1210 1867 1250 habens

548 1293 711 1321 omnes
742 1282 878 1334 leges
909 1280 957 1320 in
990 1280 1161 1320 scrinio
1194 1279 1418 1333 pectoris,
1451 1280 1598 1320 debet
1626 1280 1683 1319 ad
1704 1285 1868 1321 votum

551 1350 832 1404 scripturam
885 1350 1155 1403 autorizare,
1209 1363 1454 1403 exponere
1514 1350 1594 1389 vel
1645 1355 1868 1402 quantum
1888 1354 1923 1386 15

544 1421 736 1461 libuerit
768 1422 1012 1474 abrogare,
1060 1426 1108 1461 et
1151 1419 1219 1460 sic
1256 1425 1460 1474 propter
1494 1419 1712 1460 iniustam
1743 1431 1869 1472 pene

546 1491 854 1544 gravedinem
886 1489 1203 1543 periculosius
1244 1495 1318 1530 est
1358 1489 1406 1529 in
1437 1489 1702 1530 mandatum
1734 1501 1868 1528 suum

547 1573 688 1613 quam
709 1560 756 1600 in
779 1560 1046 1600 mandatum
1064 1557 1067 1614 Ι
1087 1558 1261 1600 Christi
1283 1558 1542 1613 offendere,
1576 1572 1680 1599 cum
1706 1563 1871 1612 potest
1912 1561 1990 1607 191d

546 1630 786 1670 declarare
819 1642 1146 1682 quoscumque
1190 1628 1281 1669 sibi
1326 1627 1716 1679 contradicentes,
1757 1627 1870 1668 licet

545 1713 666 1753 pure
699 1704 970 1740 asserentes
1012 1699 1154 1739 fidem
1185 1698 1434 1753 scripture,
1483 1711 1588 1739 esse
1618 1697 1868 1748 hereticos,
1884 1714 1926 1735 20

548 1783 653 1810 cum
695 1782 816 1823 pure
864 1782 925 1809 ex
966 1768 1108 1809 bullis
1151 1768 1248 1809 suis
1292 1768 1352 1809 ad
1382 1773 1547 1809 votum
1576 1767 1789 1808 habilitat
1821 1773 1869 1808 et

544 1839 808 1880 inhabilitat
851 1852 1198 1892 quemcumque
1241 1839 1458 1891 voluerit,
1504 1851 1615 1892 ymo
1655 1851 1713 1878 eo
1757 1837 1865 1891 ipso

548 1922 642 1962 quo
674 1908 919 1962 pretendit
949 1922 1001 1949 se
1025 1908 1195 1962 quovis
1226 1909 1370 1949 modo
1394 1909 1583 1949 solvere
1606 1909 1685 1949 vel
1704 1907 1866 1961 ligare,

548 1991 605 2019 eo
657 1978 765 2032 ipso
818 1978 886 2019 sic
939 1978 1084 2019 solvit
1134 1979 1214 2019 vel
1263 1978 1391 2031 ligat.
1451 1978 1513 2019 Et
1562 1978 1668 2032 ipse
1725 1990 1868 2031 supra

548 2047 785 2089 Christum
814 2048 960 2088 habet
981 2049 1169 2101 plenam
1189 2053 1479 2101 potestatem
1502 2047 1702 2088 civiliter
1723 2046 1866 2088 domi·
1883 2052 1923 2084 25

546 2117 699 2170 nandi,
745 2124 793 2159 et
836 2118 904 2159 sic
949 2120 1009 2158 de
1051 2117 1243 2158 infinitis
1283 2117 1551 2168 blasfemiis,
1596 2131 1658 2158 ex
1696 2117 1866 2172 quibus

547 2187 748 2227 infertur
790 2187 1056 2241 prophecia
1097 2187 1325 2241 Apostoli
1362 2186 1420 2228 II.
1464 2187 1598 2228 Tess.
1638 2187 1696 2240 II,
1736 2201 1760 2239 3
1806 2188 1865 2229 de

310 2275 368 2302 and
391 2274 484 2301 fulffls
547 2256 842 2297 Antichristo
867 2257 993 2297 dicta
1014 2270 1153 2310 quem
1174 2257 1401 2297 hominem
1417 2257 1594 2310 peccati
1614 2256 1866 2308 nominant,

311 2310 355 2338 St.
378 2310 479 2336 Paul's
550 2325 559 2333 .
734 2326 741 2333 .
1063 2327 1070 2334 ,

294 2344 450 2380 prophecy
469 2343 505 2370 ος
548 2331 612 2366 ita
644 2331 694 2366 ut
723 2338 772 2366 m
803 2328 967 2379 templo
982 2326 1069 2367 Det
1098 2327 1262 2377 sedeat,
1293 2327 1527 2366 osteudens
1556 2338 1603 2366 se
1629 2328 1866 2378 tamquam

322 2383 375 2441 12⁴}
391 2386 465 2441 {¹33⁰
548 2396 607 2435 sit
628 2394 766 2447 Deus,
798 2409 909 2449 ymo
943 2402 994 2436 ut
1025 2395 1139 2436 dicit
1168 2396 1446 2449 Apostolus,
1478 2396 1702 2436 extollitur
1729 2407 1868 2448 super
1882 2404 1924 2436 30

548 2477 681 2505 omne
712 2466 831 2517 quod
860 2465 1029 2505 dicitur
1058 2465 1195 2507 Deus.
1245 2466 1380 2506 Deus
1413 2464 1535 2505 enim
1577 2478 1672 2505 non
1703 2470 1868 2518 potest

547 2533 705 2574 taliter
725 2533 951 2574 dominari
972 2547 1061 2574 nec
1082 2534 1208 2574 nude
1229 2547 1317 2588 per
1337 2534 1489 2574 bullas
1521 2533 1623 2574 sine
1654 2533 1867 2574 interiori

546 2603 716 2657 illapsu
731 2617 1013 2657 quemquam
1027 2604 1284 2655 habilitare,
1298 2617 1388 2644 nec
1401 2608 1690 2658 potestatem
1703 2608 1867 2657 preter

546 2672 641 2713 Dei
670 2672 914 2714 licenciam
947 2675 1003 2714 ab
1035 2673 1321 2728 imperatore
1353 2687 1536 2728 capere.

618 2807 645 2835 8.
666 2809 720 2836 AB
740 2808 770 2836 in
792 2817 911 2844 marg.:
932 2813 976 2836 10.

619 2889 672 2923 28.
698 2891 736 2922 ΙΙ.
755 2890 880 2924 Thess.
907 2892 946 2935 11,
972 2902 1005 2932 4.
