2078 3338
232 243 313 293 ‚128

964 257 1191 290 JOHANle
1218 257 1404 290 WYCLIF
1661 246 1769 304 [CAP.
1783 258 1837 286 VI.

520 358 638 399 libet
667 358 973 401 indivisibilia
997 361 1190 402 excedit
1211 361 1347 410 aliud,
1379 376 1485 403 nam
1505 362 1559 402 P.
1583 370 1840 418 superstes,

521 428 602 482 qui
632 428 813 483 incepit
857 443 963 471 cum
994 430 1143 471 Paulo
1190 445 1314 471 nunc
1359 431 1606 472 desinente
1650 439 1724 474 est
1753 447 1841 487 per

518 498 698 540 instans
732 499 966 553 antiquior
997 514 1136 553 quam
1178 500 1269 541 fuit
1289 500 1463 541 Paulus
1486 503 1564 542 vel
1593 501 1718 555 ipse3
1750 517 1840 544 nec

520 574 594 610 est
637 569 870 623 possibile
915 583 1056 610 unum
1103 570 1375 611 continuum
1403 570 1408 624 Ι
1435 584 1523 624 per
1553 572 1840 614 indivisibile
1884 579 1964 624 192d

519 639 756 679 excedere
790 638 914 680 aliud
944 639 1035 680 nisi
1065 639 1351 680 indivisibile
1382 640 1561 681 faciens
1586 642 1643 682 ad
1663 642 1874 683 maiori-5

517 714 663 750 tatem
687 708 786 750 eius
808 709 871 750 sit
890 723 1001 764 pars
1023 709 1128 750 talis
1151 710 1351 764 maioris,
1384 716 1435 752 ut
1458 716 1532 752 est
1553 711 1601 751 in
1623 713 1841 754 numeris.

517 778 578 819 Et
610 779 677 820 sic
708 785 875 833 potest
907 780 1042 833 argui
1064 780 1124 820 de
1157 786 1283 821 statu
1315 780 1527 822 sanitatis
1551 782 1628 822 vel
1655 781 1841 824 infirmi-

517 849 637 902 tatis,
670 850 730 890 de
763 863 855 904 quo
878 850 982 903 quis
1004 850 1242 892 meritorie
1276 851 1497 892 continue
1529 851 1657 892 elicit
1688 857 1841 892 actum

519 920 738 972 caritatis,
776 920 1029 973 gaudendo
1064 926 1111 961 et
1147 921 1382 961 laudando
1415 922 1572 961 Deum
1604 922 1664 962 de
1697 927 1839 969 statu;

519 995 567 1030 et
617 995 754 1042 patet
805 991 934 1044 quod
987 996 1118 1031 actus
1170 990 1447 1032 terminatur
1493 991 1739 1031 exclusive
1784 993 1842 1032 ad
1861 1009 1899 1030 10

516 1059 695 1100 instans
739 1065 792 1101 ut
830 1060 1005 1101 sanitas
1049 1061 1128 1101 vel
1158 1060 1414 1112 infirmitas,
1454 1066 1502 1101 et
1535 1061 1604 1114 (ut
1634 1060 1839 1114 videtur)

520 1135 594 1170 est
627 1130 849 1171 continue
881 1144 1037 1171 novus
1071 1136 1216 1184 actus,
1255 1130 1379 1172 sicut
1411 1131 1635 1172 continue
1666 1145 1842 1172 novum

518 1199 771 1253 obiectum,
805 1202 862 1241 ad
886 1202 1016 1255 quod
1038 1206 1170 1242 actus
1200 1201 1523 1242 essencialiter
1553 1201 1839 1243 terminatur.

516 1269 578 1310 Et
607 1269 672 1311 ita
700 1270 890 1311 videtur
922 1271 1049 1325 quod
1089 1271 1238 1325 captis
1271 1271 1456 1311 duobus
1487 1271 1837 1324 predestinatis‚

518 1354 715 1394 quorum
746 1341 884 1395 primi
925 1341 1143 1382 meritum
1185 1341 1465 1382 terminetur
1503 1341 1748 1382 exclusive
1781 1342 1839 1382 ad
1859 1347 1895 1379 15-

518 1410 768 1464 septimum
820 1412 1033 1464 gradum,
1086 1418 1135 1452 et
1177 1411 1373 1452 secundi
1424 1412 1572 1452 totale
1623 1412 1840 1453 meritum

515 1480 795 1522 terminetur
837 1481 1067 1522 inclusive
1111 1483 1169 1522 ad
1202 1483 1403 1522 eundem
1435 1481 1644 1535 gradum,
1688 1486 1837 1522 status

515 1550 715 1604 primum
756 1551 805 1591 in
846 1552 997 1605 patria
1029 1553 1460 1606 correspondenter
1496 1565 1548 1592 se
1579 1552 1839 1603 habebunt3

516 1634 607 1661 nec
639 1622 893 1676 negabitur
938 1623 1241 1674 antecedens,
1287 1636 1390 1662 cum
1434 1627 1527 1663 stat
1559 1622 1618 1662 de
1651 1622 1838 1662 duobus

514 1692 853 1745 predestinatis
899 1706 1039 1733 unum
1072 1692 1316 1733 exclusive
1350 1698 1398 1733 et
1435 1692 1572 1732 alium
1602 1692 1837 1733 inclusive
1853 1708 1895 1730 20

515 1761 726 1815 incipere
778 1762 949 1803 mereri
1001 1764 1058 1803 ab
1113 1763 1282 1804 eodem
1323 1762 1527 1804 instanti.
1578 1762 1838 1816 Postquam

517 1832 810 1885 originaliter
859 1833 1108 1887 peccando
1162 1833 1384 1874 continue
1447 1832 1741 1873 antefuerant
1790 1832 1838 1873 in

515 1903 702 1944 mortali
729 1908 777 1944 et
800 1904 1022 1944 continue
1052 1903 1282 1957 equaliter
1302 1903 1529 1943 merendo
1557 1916 1645 1956 pro
1669 1903 1838 1943 eodem

514 1972 707 2014 instanti
739 1974 986 2015 decedant.
1033 1973 1230 2015 Constat
1263 1973 1452 2026 quidem
1492 1973 1619 2026 quod
1651 1978 1837 2013 actuum

516 2043 730 2084 merendi
775 2043 939 2097 aliquis
986 2051 1059 2085 est
1096 2043 1409 2095 successivus,
1448 2043 1580 2084 cuius
1616 2042 1835 2097 incepcio
1854 2047 1893 2081 25

517 2119 593 2154 est
623 2127 712 2167 per
741 2114 1062 2155 remocionem
1106 2115 1165 2154 de
1197 2112 1426 2167 presenti,
1472 2118 1519 2153 et
1551 2112 1717 2166 aliquis
1748 2127 1837 2167 per

516 2183 812 2237 posicionem
845 2185 904 2224 de
934 2184 1161 2238 presenti.
1194 2182 1274 2225 Sic
1298 2183 1419 2223 enim
1443 2182 1657 2224 Christus
1678 2183 1838 2236 potuit

515 2253 726 2307 incipere
777 2267 1013 2307 purgasse
1057 2253 1321 2307 Baptistam
1373 2254 1430 2293 ab
1483 2252 1698 2308 originali
1748 2266 1836 2306 pro

516 2324 667 2378 primo
690 2323 882 2364 instanti
913 2324 986 2365 sui
1019 2337 1136 2376 esse,
1171 2329 1220 2364 et
1252 2323 1388 2363 alium
1421 2335 1715 2363 communem
1747 2322 1838 2363 sibi

518 2400 565 2434 et
609 2394 796 2434 aliunde
840 2394 1048 2448 undique
1091 2407 1253 2448 parem
1298 2407 1486 2434 creasse
1524 2393 1573 2433 in
1603 2392 1758 2447 gracia
1791 2398 1895 2433 et3o

515 2464 812 2505 beatificasse
858 2478 941 2505 eos
987 2464 1421 2518 correspondenter
1464 2463 1522 2503 ad
1564 2462 1741 2514 merita,
1789 2468 1837 2503 et

517 2534 585 2574 sic
618 2535 678 2574 de
710 2534 835 2575 mille
881 2535 1068 2575 casibus
1111 2534 1422 2588 possibilibus
1461 2538 1509 2574 et
1541 2533 1600 2573 de
1631 2532 1757 2573 facto
1788 2532 1837 2573 in

517 2603 688 2657 quibus
719 2604 985 2658 implicatur
1015 2619 1156 2645 unum
1185 2609 1409 2658 quantum
1441 2603 1680 2644 excedere
1712 2602 1837 2643 aliud

515 2687 602 2727 per
643 2674 945 2717 indivisibile.
1000 2675 1075 2714 Ex
1120 2674 1290 2728 quibus
1334 2678 1527 2727 oportet
1570 2673 1835 2714 concedere

518 2743 717 2797 aliquam
770 2757 876 2784 esse
927 2743 1173 2784 maximam
1230 2749 1414 2797 partem
1466 2742 1890 2796 quantitativam‚35

571 2910 593 2931 1.
613 2901 648 2931 11.
669 2902 759 2930 codd.
817 2902 845 2930 6.
868 2903 1012 2930 numeris.
1028 2902 1125 2932 Cod.:
1141 2905 1225 2931 m'us.
1301 2910 1329 2939 7.
1344 2902 1367 2930 B
1381 2902 1412 2930 in
1427 2909 1542 2938 marg.:
1565 2900 1662 2930 Casus
1677 2901 1831 2929 notabilis.
