2078 3338
259 272 335 299 110

290 1078 319 1105 If
336 1077 404 1113 they
424 1077 483 1104 had

287 1113 361 1140 such
384 1120 489 1147 power

294 1147 476 1182 theological

303 1182 395 1217 study
414 1182 473 1209 and

304 1224 402 1244 canon
423 1217 482 1244 law

302 1251 407 1278 would
430 1252 464 1278 be

320 1286 447 1314 useless.

252 2328 275 2355 [t
295 2329 398 2356 would
421 2330 517 2366 imply

260 2363 325 2390 that
348 2364 415 2391 God
437 2373 512 2398 gave

271 2406 308 2424 an
330 2398 491 2433 imperfect

301 2433 359 2459 law
378 2438 409 2461 to
430 2435 479 2461 the

306 2470 452 2503 apostles.

979 271 1202 302 „IOHANNIS
1229 271 1414 302 WYCLIF
1674 255 1778 313 [CAP.
1799 269 1852 297 vi.

542 374 789 428 superiora
822 375 1074 417 carismata.
1107 375 1374 417 Ostendant
1403 375 1548 429 igitur
1577 376 1690 417 istas
1722 383 1853 431 pote-

542 450 701 491 states,
756 445 1092 486 conversiones
1143 446 1399 486 infidelium
1450 439 1531 487 vel
1579 446 1854 487 sanaciones

540 515 827 555 infirmorum
859 529 947 568 per
979 529 1086 556 suas
1111 516 1351 569 epistolas,
1384 522 1435 556 ut
1456 516 1632 557 factum
1656 523 1730 557 est
1752 530 1855 557 cum

541 585 785 638 scripturis
838 587 1172 638 apostolorum,
1226 591 1274 626 et
1325 592 1398 626 est
1442 586 1685 626 evidencia
1728 587 1855 639 quod

542 654 754 694 Christus
805 654 851 694 in
905 654 971 695 eis
1023 655 1245 708 loquitur,
1299 669 1408 709 ymo
1461 662 1511 695 ut
1556 655 1730 696 dictum
1782 653 1887 696 est5

541 723 769 777 superius,
822 724 1111 777 generaliter
1161 730 1378 777 potestas
1431 726 1717 766 subtrahitur
1766 739 1853 778 pro

540 793 733 835 mortali.
786 793 882 834 Sed
914 795 1045 835 multi
1077 808 1237 835 eorum
1284 808 1345 834 ex
1381 794 1715 848 ingratitudine
1746 795 1854 836 inci-

542 864 658 903 dunt
689 863 734 903 in
767 865 975 915 mortale,
1008 864 1118 904 ideo
1151 878 1350 905 necesse
1384 870 1457 905 est
1480 866 1608 918 quod
1639 870 1854 918 potestas

541 932 580 972 si
613 946 750 985 quam
780 933 826 973 in
857 933 1092 987 principio
1124 934 1389 975 habuerunt
1427 947 1488 974 ex
1518 934 1854 988 ingratitudine

540 1002 600 1041 sit
632 1004 881 1043 subtracta.

597 1071 728 1124 Item,
782 1072 821 1112 si
872 1072 965 1113 sint
1015 1073 1141 1126 paris
1194 1072 1483 1113 auctoritatis
1535 1087 1638 1113 cum
1681 1072 1854 1113 nostris

539 1141 821 1193 auctoribus,
857 1156 959 1182 cum
987 1142 1209 1183 continue
1230 1142 1539 1195 multiplicant
1567 1141 1570 1196 Ι
1598 1144 1733 1195 leges
1749 1156 1855 1183 suas

539 1211 783 1252 addiscere
828 1211 950 1252 sicut
991 1212 1147 1264 legem
1189 1212 1301 1252 fidei
1338 1211 1683 1265 scripturarum,
1727 1212 1856 1265 quod

541 1285 613 1320 est
646 1286 809 1321 contra
839 1282 974 1337 leges
1006 1282 1173 1322 multas
1215 1281 1429 1331 ecclesie,
1475 1295 1566 1335 que
1608 1281 1854 1335 preferunt

540 1350 827 1404 theologiam
872 1357 919 1392 et
950 1351 1252 1405 privilegiant
1296 1351 1394 1391 eius
1428 1351 1701 1405 discipulos,
1735 1350 1853 1392 simi—

539 1420 647 1460 liter
708 1426 821 1461 tunc
877 1421 1232 1462 destruerentur
1276 1421 1376 1462 iura
1429 1421 1664 1471 canonica,
1747 1420 1854 1474 quia

542 1496 641 1530 tota
671 1489 748 1530 illa
779 1490 975 1531 facultas
997 1491 1122 1531 foret
1143 1504 1261 1544 pura
1282 1490 1535 1544 theologia,
1569 1490 1676 1544 quia
1697 1503 1851 1530 sermo

540 1573 680 1612 quem
709 1561 841 1600 Deus
874 1560 920 1600 in
953 1560 1020 1600 eis
1052 1560 1259 1613 loquitur
1299 1573 1420 1613 eque
1455 1560 1700 1602 evidenter
1732 1559 1854 1600 sicut

539 1629 728 1669 locutus
763 1635 836 1669 est
869 1629 979 1669 olim
1010 1629 1057 1669 in
1090 1628 1256 1670 scribis
1288 1629 1399 1669 fidei
1431 1629 1776 1683 scripturarum.

598 1697 834 1752 Similiter,
874 1705 985 1740 tunc
1020 1699 1378 1740 difficultaretur
1410 1699 1657 1739 christiana
1687 1698 1852 1753 religio

539 1768 660 1808 ultra
691 1774 851 1821 patres
897 1769 1073 1809 veteris
1117 1769 1387 1809 testamenti
1432 1770 1509 1808 vel
1551 1768 1763 1810 infideles
1795 1769 1852 1808 de

540 1842 669 1877 secta
718 1837 1018 1891 Machometi,
1072 1838 1150 1890 qui
1203 1838 1261 1877 de
1313 1837 1615 1890 paucioribus
1665 1837 1853 1890 legibus

540 1912 649 1947 sunt
681 1907 906 1960 contenti,
945 1908 1090 1948 multo
1124 1907 1272 1960 magis
1309 1907 1356 1947 in
1389 1913 1518 1947 secta
1551 1906 1735 1959 Christi,
1775 1906 1855 1959 qui

538 1976 649 2017 Mat.
674 1976 761 2028 XI,
796 1991 849 2028 30
881 1976 1098 2030 promisit
1128 1991 1241 2020 onus
1271 1990 1406 2018 sumn
1439 1990 1531 2018 esse
1562 1978 1666 2023 leve,
1699 1981 1747 2016 et
1776 1976 1853 2016 ille

541 2045 620 2098 qui
642 2046 751 2087 Mat.
774 2047 830 2098 V,
865 2060 909 2099 17
946 2047 1070 2101 dicit,
1102 2048 1230 2102 quod
1263 2060 1350 2087 non
1383 2047 1499 2087 venit
1519 2047 1689 2087 solvere
1710 2047 1853 2098 legem

537 2118 616 2155 secl
671 2118 872 2169 implere,
936 2117 1049 2158 facit
1111 2119 1304 2158 verbum
1359 2115 1683 2156 abbreviatum
1739 2116 1853 2157 Mat.

539 2185 704 2239 XXII,
765 2200 819 2237 4o
871 2186 1046 2238 dicens,
1112 2187 1241 2240 quod
1292 2188 1339 2226 in
1403 2186 1640 2226 dileccione
1687 2185 1773 2225 Dei
1816 2187 1854 2225 et

532 2255 738 2307 proximi
787 2257 854 2295 lex
879 2257 1043 2308 pendet
1074 2259 1112 2296 et
1136 2256 1366 2309 prophete.

599 2323 832 2377 Similiter,
856 2325 987 2365 Deus
1010 2325 1137 2365 foret
1157 2324 1448 2365 insufficiens
1474 2330 1521 2364 et
1544 2324 1851 2377 improvidus,

539 2393 577 2433 si
620 2393 909 2447 incomplete
966 2395 1177 2435 dedisset
1230 2395 1387 2448 legem
1444 2408 1571 2434 suam
1627 2408 1713 2448 per
1754 2395 1852 2434 eius

540 2463 746 2503 cariores
781 2465 1041 2517 apostolos,
1072 2464 1344 2517 relinquens
1379 2464 1723 2519 ingracioribus
1754 2463 1852 2503 eius

538 2533 816 2585 presbiteris
863 2547 923 2573 ex
957 2533 1276 2574 declinacione
1302 2535 1357 2574 ab
1383 2533 1483 2574 eius
1507 2533 1602 2574 vita
1625 2538 1672 2573 et
1692 2532 1853 2574 verbis

538 2602 656 2656 legis
700 2609 793 2643 tam
838 2603 1104 2643 necessarie
1152 2604 1560 2656 complementum.
1615 2601 1693 2643 Sic
1733 2602 1853 2642 enirn

538 2673 740 2714 fuissent
761 2684 924 2726 patres
947 2673 1182 2726 primitive
1207 2672 1407 2713 ecclesie
1423 2672 1631 2713 frustrati
1654 2686 1678 2713 a
1698 2672 1853 2712 fructu

611 2806 654 2832 12,
673 2797 714 2826 13.
737 2798 985 2833 multiplicant..
1005 2798 1202 2832 ‚addiscere3
1222 2798 1262 2825 ita
1283 2798 1373 2825 codd.
1449 2806 1492 2832 14.
1516 2796 1632 2825 Codd.=
1650 2796 1849 2833 prefuerunt.

542 2844 585 2872 15.
619 2845 656 2871 B:
682 2845 885 2879 privilegiam
997 2852 1044 2878 24.
1074 2844 1159 2872 Codd
1183 2855 1189 2872 ε
1215 2845 1319 2872 levem.
1417 2852 1454 2880 29
1493 2844 1546 2871 AB
1579 2844 1608 2871 in
1643 2852 1757 2879 marg:
1790 2843 1851 2871 Lex

539 2890 659 2917 Christi
676 2890 940 2925 sufficientissima
960 2894 1012 2918 est.

1873 1009 1913 1031 10

1899 1136 1975 1170 188b

1875 1347 1910 1379 15

1871 1716 1911 1737 20

1871 2053 1909 2085 25

1870 2400 1911 2432 30
