2078 3338
236 258 315 307 278

235 874 414 901 Vestments
434 880 504 907 may

240 910 276 936 be
296 909 408 944 rightly
423 909 509 934 used.

263 943 360 970 Their
380 942 481 977 origin

264 978 322 1005 and
345 985 492 1013 purpose.

287 1833 380 1862 What
401 1842 481 1861 were

251 1869 326 1896 used
348 1869 378 1896 in
392 1869 443 1895 the
463 1868 513 1895 old

329 1904 399 1931 law.

300 1939 367 1966 The
386 1939 457 1966 Alb.

960 260 1184 293 JOHANN1S
1211 260 1396 291 WYCLIF
1656 244 1762 301 [CAP.
1782 254 1835 290 XI,

524 371 748 407 oneretur
778 371 872 406 tam
904 364 1149 418 multiplici
1180 362 1446 413 cerimonia,
1485 361 1676 416 gravius
1709 361 1838 414 quod

522 442 696 477 tantam
728 435 821 476 vim
858 440 1006 488 ponat
1040 434 1088 473 in
1125 434 1215 484 illa,
1254 439 1302 474 et
1339 432 1664 487 gravissimum
1709 431 1837 484 quod

523 519 661 546 nemo
693 510 856 558 potest
887 504 1056 544 salvari
1077 518 1103 543 a
1123 505 1245 553 Deo,
1277 507 1329 542 ut
1360 502 1533 552 dicunt,
1565 500 1656 541 nisi
1679 500 1839 540 credat

525 582 574 616 et
625 574 824 628 accipiat
874 575 1132 614 secundum
1182 573 1378 613 formam
1433 572 1522 611 iam
1574 576 1838 611 currentem

522 644 790 685 huiusmodi
820 649 1121 685 sacramenta.
1154 644 1229 683 De
1260 641 1363 683 istis
1393 646 1550 682 autem
1570 640 1618 680 in
1639 645 1871 680 tractatu5

524 715 590 755 De
623 713 935 755 Sacramentis
973 718 1047 753 est
1083 725 1236 752 sermo
1268 711 1425 752 lacior.
1475 711 1537 751 Et
1574 710 1642 750 sic
1675 722 1839 750 conce-

525 783 649 823 ditur
701 783 830 836 quod
872 787 1035 822 vestes
1092 781 1410 822 sacerdotales
1461 785 1510 820 et
1572 784 1842 820 ornamenta

527 852 818 906 episcopalia
868 856 1072 905 possunt
1120 849 1354 891 introduci
1395 849 1475 903 pie
1526 854 1574 890 et
1604 847 1840 902 religiose,

524 923 635 963 licet
655 921 943 961 mendaciter
975 926 1022 961 et
1037 920 1179 973 impie
1204 919 1493 960 communius
1523 919 1616 959 sint
1631 922 1841 971 accepte,

527 998 578 1033 ut
609 996 864 1032 tractantes
895 990 1012 1032 ritus
1049 991 1276 1031 humanos
1310 995 1357 1030 et
1388 993 1562 1030 statuta
1590 988 1841 1038 hominum,
1862 1005 1900 1025 10

525 1065 692 1102 notant
737 1060 943 1113 quinque
981 1060 1264 1101 vestimenta
1307 1058 1628 1109 sacerdotalia,
1672 1057 1842 1111 quibus

529 1130 838 1172 communiter
868 1130 1075 1170 induitur
1108 1130 1406 1179 celebrando,
1447 1133 1494 1168 et
1531 1127 1766 1169 variantur
1795 1127 1842 1168 in

527 1206 662 1255 parte
708 1203 764 1242 ab
810 1199 1096 1240 ornamentis
1142 1200 1439 1240 sacerdotum
1477 1198 1656 1239 veteris
1699 1203 1842 1239 testa-

529 1270 688 1321 menti,
720 1275 772 1310 ut
795 1270 1003 1309 declarat
1024 1268 1170 1322 Hugo
1203 1268 1324 1309 libro
1347 1268 1558 1308 secundo
1580 1268 1656 1308 De
1680 1266 1840 1309 Sacra—

528 1340 698 1381 mentis
720 1345 858 1393 parte
881 1339 953 1380 IV.
987 1338 1262 1391 Singularis,
1292 1338 1458 1391 inquit,
1489 1339 1667 1378 habitus
1687 1350 1841 1378 sacer-
1864 1341 1899 1373 15

528 1411 703 1450 dotibus
739 1408 906 1451 Christi
948 1409 995 1449 in
1043 1409 1297 1449 ministerio
1335 1409 1549 1460 traditur,
1594 1411 1642 1448 ut
1673 1420 1760 1460 per
1796 1408 1845 1448 id

528 1481 646 1533 quod
665 1479 794 1532 foris
816 1482 1010 1531 apparet
1032 1480 1187 1531 quales
1208 1479 1329 1518 intus
1358 1490 1450 1518 esse
1479 1478 1665 1518 debeant
1695 1480 1842 1517 osten-

529 1553 679 1600 datur,
723 1561 969 1590 sacrarum
1014 1551 1167 1588 autern
1210 1549 1400 1589 vestiunt
1444 1548 1562 1587 ritus
1598 1548 1777 1600 partim
1815 1559 1846 1587 a

531 1620 666 1661 veteri
696 1622 957 1659 testamento
990 1620 1258 1670 assumptus
1284 1621 1346 1658 est
1367 1621 1406 1657 et
1429 1617 1609 1670 partim
1637 1629 1666 1656 a
1688 1617 1843 1669 patri-

529 1691 611 1730 bus
641 1689 746 1729 novi
782 1688 1037 1728 testamenti
1073 1688 1286 1727 adiectus.
1336 1686 1521 1739 Legitur
1559 1686 1678 1727 enini
1709 1686 1846 1728 Exod.
1862 1698 1904 1719 20

529 1758 755 1810 XXVIII,
814 1757 996 1810 XXIX,
1065 1757 1213 1797 XXX
1265 1760 1304 1797 et
1353 1755 1574 1796 XXXIX
1625 1757 1845 1808 quomodo

529 1829 708 1880 Moyses
728 1829 935 1868 indueret
955 1827 1115 1868 Aaron
1125 1827 1335 1879 fratrem
1348 1838 1500 1876 suurn,
1516 1826 1673 1879 primo
1694 1826 1848 1867 tunica

531 1899 714 1943 bissina,
759 1910 842 1949 que
879 1905 1012 1949 grece
1047 1897 1238 1949 poderis
1280 1897 1329 1936 id
1372 1899 1435 1936 est
1469 1896 1637 1936 talaris
1667 1897 1846 1945 dicitur,

530 1980 613 2021 que
644 1980 674 2007 a
705 1968 815 2007 collo
848 1979 987 2018 usque
1018 1967 1081 2006 ad
1110 1967 1227 2006 talos
1259 1966 1526 2015 extenditur,
1556 1977 1638 2017 qne
1666 1966 1714 2006 in
1735 1978 1846 2007 novo

531 2037 791 2078 sacerdocio
841 2048 931 2077 non
968 2037 1117 2077 soluin
1155 2037 1209 2076 de
1246 2036 1361 2076 bisso
1405 2036 1484 2075 sed
1520 2036 1574 2076 de
1609 2036 1702 2075 lino
1740 2048 1846 2076 con—
1863 2035 1902 2067 25

532 2108 715 2159 texitur;
752 2107 856 2159 ipsa
894 2109 1045 2146 autern
1084 2105 1350 2157 modificata
1387 2105 1607 2145 memhris
1642 2106 1850 2158 corporis

534 2180 572 2217 et
603 2179 762 2228 aptata
793 2176 930 2215 nichil
959 2176 1248 2228 superfluum
1280 2177 1358 2215 aut
1388 2175 1655 2215 dissolutum
1687 2175 1736 2215 in
1757 2176 1850 2216 vita

532 2246 782 2286 sacerdotis
812 2245 967 2285 debere
999 2257 1091 2285 esse
1123 2245 1324 2285 ostendit.
1358 2242 1455 2285 Sed
1480 2243 1529 2284 in
1556 2257 1682 2284 novo
1709 2249 1850 2285 testa-

533 2319 694 2354 mento
745 2315 931 2354 laxatur
979 2318 1095 2367 post
1133 2313 1430 2354 dotacionem
1483 2313 1698 2364 ecclesie,
1746 2327 1849 2353 cum

533 2384 677 2423 multa
707 2382 985 2436 temporalia
1015 2388 1177 2436 preter
1214 2382 1480 2423 necessaria
1511 2382 1668 2423 officio
1701 2396 1847 2423 sacer·
1866 2384 1907 2415 30

536 2452 660 2493 dotis
713 2452 802 2493 sibi
836 2450 841 2507 Ι
875 2457 1176 2493 monstruoso
1229 2451 1485 2493 adiaceant.
1546 2452 1642 2492 Hec
1697 2456 1849 2493 autern
1889 2453 1968 2483 230⁰

534 2523 666 2563 vestis
697 2523 748 2563 oh
778 2534 907 2575 spern
944 2521 1159 2561 candoris
1195 2534 1358 2561 nornen
1389 2520 1500 2561 Albe
1529 2522 1732 2571 sortitur,
1770 2533 1850 2573 que

534 2593 686 2644 signat
715 2592 1006 2644 spiritualem
1038 2591 1326 2631 mundiciam
1359 2592 1694 2641 ministrorum,
1725 2592 1851 2631 iuxta

607 2737 634 2766 8.
657 2737 755 2765 Codd.
777 2737 807 2765 in
830 2745 945 2772 marg:
972 2737 1154 2765 Vestimenta
1180 2738 1369 2773 episcopalia
1389 2739 1504 2773 (solum
1524 2738 1576 2773 132)
1601 2741 1730 2773 possunt
1749 2739 1850 2767 intro-

537 2785 609 2812 duci
622 2785 675 2820 pie
694 2788 723 2812 et
745 2785 902 2821 religiose.
980 2793 1023 2820 19,
1046 2793 1094 2813 20.
1117 2785 1422 2821 Codd.:fratrihus.

611 2867 659 2900 15.
688 2868 791 2910 Hugo
818 2869 869 2900 De
895 2870 1046 2900 Sacram.
1075 2868 1166 2910 Opp.
1195 2869 1260 2909 (ed.
1288 2869 1381 2911 Mog.
1415 2867 1514 2910 1617)
1541 2869 1593 2909 ΙΙΙ,
1619 2878 1697 2911 449.
