2078 3338
229 250 311 285 280

962 252 1186 285 JOHANle
1212 252 1398 283 WYCLIF
1652 240 1760 296 [CAP.
1781 249 1832 277 x1.

519 373 621 399 cum
654 358 809 399 bissus
841 363 967 399 terre
1000 357 1217 406 admodo,
1249 362 1300 396 ut
1333 360 1468 410 patet
1495 355 1554 396 de
1578 356 1834 397 combustis

518 427 768 478 cineribus,
819 426 1005 469 ossibus
1051 431 1097 466 et
1141 425 1312 467 ceteris
1357 425 1473 467 albis
1525 424 1662 466 siccis
1705 430 1837 466 notat

516 497 759 548 iusticiam,
804 510 896 550 que
939 496 1087 536 instar
1131 500 1257 535 terre
1301 495 1453 536 solide
1497 499 1590 535 stat
1629 494 1679 535 in
1711 494 1837 535 omni

517 566 851 620 temptacione,
903 571 954 605 ut
996 565 1286 605 Aristoteles
1335 564 1449 605 dicit
1498 564 1520 604 Ι
1562 563 1837 605 Ethicorum

517 637 634 678 sicut
656 639 919 688 tetragonus
940 636 1036 675 sime
1051 635 1287 688 vituperio.
1311 634 1529 687 Purpura
1542 646 1655 675 vero
1678 633 1870 686 ignem5

518 705 825 759 pretendens,
869 703 1060 744 racione
1096 703 1284 744 ruboris
1323 702 1479 758 signat
1514 701 1839 743 fortitudinem

518 780 779 829 purgatam,
824 778 876 814 ut
913 786 1085 814 aarum
1118 774 1165 814 in
1196 773 1377 814 camino
1415 772 1744 825 tribulaciouis,
1789 776 1841 812 ut

519 843 727 898 loquitur
759 842 1003 897 scriptura.
1056 842 1319 883 Iaccinctus
1353 847 1509 882 autem
1542 841 1732 882 celestis
1765 854 1840 882 co-

520 914 647 965 loris,
681 927 845 967 aquam
874 913 1136 960 induratam
1169 913 1375 968 signans,
1413 916 1547 952 notat
1576 916 1841 965 temperan-

524 984 640 1025 ciam
674 997 766 1037 que
811 996 1010 1023 massam
1044 982 1260 1036 corporis
1290 981 1478 1022 humani
1504 982 1573 1022 sic
1594 986 1842 1035 temperat,
1863 1001 1900 1022 10

523 1059 575 1094 ut
603 1055 650 1093 in
683 1053 760 1093 via
789 1066 971 1094 morum
1002 1058 1203 1107 propter
1225 1065 1431 1092 amorem
1461 1051 1704 1092 celestium
1747 1064 1843 1091 non

525 1122 686 1163 effluat
715 1122 926 1163 terminis
959 1122 1133 1164 alienis.
1181 1121 1364 1162 Coccus
1402 1134 1518 1161 vero
1556 1120 1630 1162 bis
1668 1120 1844 1161 tinctus

525 1199 600 1233 est
630 1205 781 1246 genus
819 1192 1025 1233 tincture
1057 1192 1240 1233 medius
1269 1191 1392 1232 inter
1428 1192 1629 1231 rubeum
1666 1197 1715 1232 et
1747 1204 1844 1231 cro-

527 1276 675 1313 ceum,
720 1276 859 1316 quem
902 1276 990 1303 nos
1038 1262 1231 1303 dicimus
1275 1261 1580 1302 vermiculum
1617 1261 1696 1301 vel
1740 1261 1844 1302 sub-

524 1335 725 1374 rubeum
770 1333 976 1373 colorem
1021 1346 1082 1372 ex
1126 1331 1424 1373 silvestribus
1462 1331 1724 1381 frondibus,
1767 1330 1902 1372 vel15

527 1403 596 1455 (ut
629 1401 727 1442 aliis
758 1402 934 1455 placet)
969 1415 1030 1442 ex
1062 1402 1264 1456 quodam
1295 1414 1457 1442 verme
1490 1401 1760 1451 decoctum3
1801 1406 1849 1440 et

528 1472 685 1526 signat
714 1471 1020 1525 prudenciam
1047 1471 1290 1526 vigentem
1320 1471 1368 1512 in
1401 1470 1671 1524 sanguineis
1701 1469 1849 1510 instar

530 1541 649 1582 aeris
693 1541 972 1595 temperatis
1018 1547 1067 1583 et
1110 1541 1381 1595 specialiter
1419 1541 1458 1581 si
1496 1540 1630 1581 tincti
1672 1539 1850 1581 fuerint

527 1616 693 1665 preter
743 1610 945 1652 virtutes
995 1612 1197 1652 morales
1248 1611 1295 1651 in
1345 1610 1603 1664 prudencia
1655 1622 1848 1651 conver-

529 1679 731 1721 sacionis
774 1680 956 1734 penalis
996 1680 1172 1721 domini
1208 1680 1351 1721 Ihesu
1389 1679 1573 1721 Christi.
1626 1678 1848 1721 Secundo
1867 1697 1908 1719 20

529 1756 752 1791 notantur
795 1755 996 1804 quatuor
1038 1751 1273 1802 humores,
1321 1749 1504 1792 scilicet
1545 1747 1852 1790 melancolica

533 1825 580 1861 et
625 1820 841 1872 colerica,
884 1820 1055 1875 flegma
1100 1825 1148 1861 et
1190 1820 1398 1874 sanguis,
1444 1820 1614 1874 quibus
1661 1816 1849 1873 nature}

533 1889 794 1943 sagacitate
840 1890 1103 1931 commixtis
1145 1890 1345 1931 humana
1397 1889 1668 1943 complexio
1709 1888 1851 1928 deno·
1891 1897 1973 1930 231²

533 1964 667 2000 tatur.
720 1958 799 2001 Sic
844 1959 1032 2013 inquam
1074 1959 1178 2000 istis
1222 1965 1422 2013 quatuor
1458 1958 1667 2000 moribus
1706 1957 1850 1999 conti-

532 2028 701 2069 nencia
748 2028 986 2082 figuratur.
1038 2027 1172 2070 Sicut
1224 2029 1345 2069 enim
1395 2029 1548 2069 electa
1588 2028 1637 2068 in
1679 2027 1909 2079 mixtis,25

535 2098 603 2138 sic
639 2098 860 2138 humores
899 2098 946 2139 in
979 2098 1252 2140 animalibus
1292 2104 1338 2139 et
1368 2098 1690 2152 proprietates
1722 2097 1851 2151 spiri-

535 2167 685 2208 tuales
716 2167 763 2207 in
795 2168 1033 2210 mentibus
1054 2169 1232 2209 habent
1259 2182 1343 2210 sua
1365 2168 1529 2209 officia.
1562 2168 1708 2208 Terra
1732 2167 1853 2208 enim

533 2236 648 2277 facit
689 2237 837 2277 mixto
884 2238 1216 2289 constanciam,
1269 2251 1388 2291 aqua
1431 2237 1853 2287 continuacionem,

538 2320 616 2347 aer
659 2306 966 2360 capacitatem
1011 2308 1199 2349 celestis
1241 2307 1492 2348 influencie
1537 2313 1585 2348 et
1626 2307 1749 2362 ignis
1783 2312 1856 2347 est

537 2376 612 2417 via
654 2376 916 2430 recipiendi
959 2377 1236 2431 peregrinas
1268 2377 1604 2431 impressiones
1644 2382 1691 2417 et
1723 2377 1857 2430 quasi
1872 2385 1915 2417 30

536 2447 645 2487 luna
675 2446 1058 2498 instrumentalis,
1089 2447 1323 2488 mediante
1356 2461 1447 2501 qua
1476 2446 1752 2501 mitigantur
1782 2447 1854 2487 fri-

539 2515 711 2569 giditas
758 2521 805 2557 et
840 2516 1090 2558 humiditas
1127 2516 1363 2558 inferioris
1397 2517 1597 2571 duplicis
1637 2515 1857 2557 elementi

541 2591 588 2626 et
611 2585 904 2627 confortatur
925 2586 1121 2640 qualitas
1154 2587 1287 2638 aeris,
1319 2592 1372 2627 ut
1392 2592 1507 2641 puta
1527 2588 1693 2627 raritas
1716 2591 1857 2639 atque

543 2654 764 2697 caliditas.
787 2654 866 2697 Sic
889 2661 963 2697 est
986 2656 1043 2697 de
1060 2656 1393 2710 complexione
1412 2656 1611 2699 hominis
1628 2654 1859 2709 corporali

614 2818 643 2852 5.
669 2816 807 2851 Eodem
833 2819 993 2861 exemplo
1019 2819 1123 2852 utitur
1149 2819 1205 2854 W.
1232 2820 1282 2852 De
1310 2819 1412 2852 Civili
1439 2819 1606 2852 Dominio
1633 2820 1654 2860 1,
1683 2819 1736 2860 54,
1762 2819 1783 2854 1.
1805 2817 1859 2850 26.

544 2887 575 2919 7.
601 2877 708 2911 Prov.
733 2877 838 2919 XVII,
867 2879 896 2911 3.
