<?xml version="1.0" encoding="UTF-8"?>
<!DOCTYPE html PUBLIC "-//W3C//DTD XHTML 1.0 Transitional//EN"
    "http://www.w3.org/TR/xhtml1/DTD/xhtml1-transitional.dtd">
<html xmlns="http://www.w3.org/1999/xhtml" xml:lang="en" lang="en">
 <head>
  <title>
</title>
<meta http-equiv="Content-Type" content="text/html;charset=utf-8" />
  <meta name='ocr-system' content='tesseract 3.04.00' />
  <meta name='ocr-capabilities' content='ocr_page ocr_carea ocr_par ocr_line ocrx_word'/>
</head>
<body>
  <div class='ocr_page' id='page_1' title='image "./tractatusdepotes00wycl_0279.png"; bbox 0 0 2078 3338; ppageno 0'>
   <div class='ocr_carea' id='block_1_1' title="bbox 232 269 1836 327">
    <p class='ocr_par' dir='ltr' id='par_1_1' title="bbox 232 269 1836 327">
     <span class='ocr_line' id='line_1_1' title="bbox 232 269 1836 327; baseline 0.012 -20"><span class='ocrx_word' id='word_1_1' title='bbox 232 280 320 308; x_wconf 75' lang='lat' dir='ltr'>CAP.</span> <span class='ocrx_word' id='word_1_2' title='bbox 336 269 405 327; x_wconf 78' lang='lat' dir='ltr'>1x.]</span> <span class='ocrx_word' id='word_1_3' title='bbox 630 283 688 314; x_wconf 77' lang='lat' dir='ltr'>DE</span> <span class='ocrx_word' id='word_1_4' title='bbox 717 282 995 315; x_wconf 72' lang='lat' dir='ltr'>POTESTATE</span> <span class='ocrx_word' id='word_1_5' title='bbox 1025 284 1152 316; x_wconf 76' lang='grc' dir='ltr'>ΡΑΡΕ,</span> <span class='ocrx_word' id='word_1_6' title='bbox 1759 289 1777 314; x_wconf 87' lang='lat'><em>2</em></span> <span class='ocrx_word' id='word_1_7' title='bbox 1792 288 1836 327; x_wconf 90' lang='lat'>17</span> 
     </span>
    </p>
   </div>
   <div class='ocr_carea' id='block_1_2' title="bbox 180 386 1844 2600">
    <p class='ocr_par' dir='ltr' id='par_1_2' title="bbox 180 386 1844 2600">
     <span class='ocr_line' id='line_1_2' title="bbox 234 386 1549 440; baseline 0 -13"><span class='ocrx_word' id='word_1_8' title='bbox 234 400 338 427; x_wconf 89' lang='lat' dir='ltr'>cors</span> <span class='ocrx_word' id='word_1_9' title='bbox 385 386 604 436; x_wconf 66' lang='lat' dir='ltr'>amicicia,</span> <span class='ocrx_word' id='word_1_10' title='bbox 659 387 788 440; x_wconf 88' lang='lat' dir='ltr'>quod</span> <span class='ocrx_word' id='word_1_11' title='bbox 833 387 1085 428; x_wconf 88' lang='lat' dir='ltr'>christiano</span> <span class='ocrx_word' id='word_1_12' title='bbox 1131 392 1365 440; x_wconf 86' lang='lat' dir='ltr'>sequente</span> <span class='ocrx_word' id='word_1_13' title='bbox 1410 401 1549 427; x_wconf 89' lang='lat' dir='ltr'>unum</span> 
     </span>
     <span class='ocr_line' id='line_1_3' title="bbox 234 456 1551 510; baseline 0 -14"><span class='ocrx_word' id='word_1_14' title='bbox 234 470 394 497; x_wconf 90' lang='lat' dir='ltr'>eorum</span> <span class='ocrx_word' id='word_1_15' title='bbox 437 456 484 497; x_wconf 88' lang='lat' dir='ltr'>in</span> <span class='ocrx_word' id='word_1_16' title='bbox 532 456 755 505; x_wconf 74' lang='lat' dir='ltr'>moribus,</span> <span class='ocrx_word' id='word_1_17' title='bbox 809 457 1023 510; x_wconf 82' lang='lat' dir='ltr'>sequitur</span> <span class='ocrx_word' id='word_1_18' title='bbox 1076 470 1238 497; x_wconf 86' lang='lat' dir='ltr'>eorum</span> <span class='ocrx_word' id='word_1_19' title='bbox 1291 456 1551 509; x_wconf 86' lang='lat' dir='ltr'>quemlibet</span> 
     </span>
     <span class='ocr_line' id='line_1_4' title="bbox 234 524 1551 580; baseline 0 -15"><span class='ocrx_word' id='word_1_20' title='bbox 234 526 485 567; x_wconf 89' lang='lat' dir='ltr'>cuiuslibet</span> <span class='ocrx_word' id='word_1_21' title='bbox 518 539 679 566; x_wconf 89' lang='lat' dir='ltr'>eorum</span> <span class='ocrx_word' id='word_1_22' title='bbox 716 525 763 566; x_wconf 89' lang='lat' dir='ltr'>in</span> <span class='ocrx_word' id='word_1_23' title='bbox 795 527 945 580; x_wconf 83' lang='lat' dir='ltr'>gradu</span> <span class='ocrx_word' id='word_1_24' title='bbox 978 539 1064 566; x_wconf 86' lang='lat' dir='ltr'>suo</span> <span class='ocrx_word' id='word_1_25' title='bbox 1100 525 1373 579; x_wconf 87' lang='lat' dir='ltr'>discipulus.</span> <span class='ocrx_word' id='word_1_26' title='bbox 1427 524 1551 567; x_wconf 85' lang='lat' dir='ltr'>Satis</span> 
     </span>
     <span class='ocr_line' id='line_1_5' title="bbox 234 595 1553 649; baseline 0 -14"><span class='ocrx_word' id='word_1_27' title='bbox 234 600 319 648; x_wconf 85' lang='lat' dir='ltr'>est,</span> <span class='ocrx_word' id='word_1_28' title='bbox 355 609 457 635; x_wconf 88' lang='lat' dir='ltr'>cum</span> <span class='ocrx_word' id='word_1_29' title='bbox 491 601 537 635; x_wconf 86' lang='lat' dir='ltr'>et</span> <span class='ocrx_word' id='word_1_30' title='bbox 570 595 758 635; x_wconf 89' lang='lat' dir='ltr'>omnino</span> <span class='ocrx_word' id='word_1_31' title='bbox 794 600 988 649; x_wconf 76' lang='lat' dir='ltr'>oportet</span> <span class='ocrx_word' id='word_1_32' title='bbox 1020 595 1147 649; x_wconf 88' lang='lat' dir='ltr'>quod</span> <span class='ocrx_word' id='word_1_33' title='bbox 1180 595 1460 636; x_wconf 89' lang='lat' dir='ltr'>christianus</span> <span class='ocrx_word' id='word_1_34' title='bbox 1494 595 1553 635; x_wconf 85' lang='lat' dir='ltr'>sit</span> 
     </span>
     <span class='ocr_line' id='line_1_6' title="bbox 200 664 1554 718; baseline 0.001 -15"><span class='ocrx_word' id='word_1_35' title='bbox 200 664 406 705; x_wconf 67' lang='lat' dir='ltr'>§Christi</span> <span class='ocrx_word' id='word_1_36' title='bbox 439 665 712 718; x_wconf 73' lang='lat' dir='ltr'>discipulus,</span> <span class='ocrx_word' id='word_1_37' title='bbox 746 670 793 705; x_wconf 90' lang='lat' dir='ltr'>et</span> <span class='ocrx_word' id='word_1_38' title='bbox 826 665 892 705; x_wconf 88' lang='lat' dir='ltr'>sic</span> <span class='ocrx_word' id='word_1_39' title='bbox 925 665 1101 705; x_wconf 86' lang='lat' dir='ltr'>nitetur</span> <span class='ocrx_word' id='word_1_40' title='bbox 1124 665 1403 718; x_wconf 75' lang='lat' dir='ltr'>explanacio</span> <span class='ocrx_word' id='word_1_41' title='bbox 1426 665 1554 705; x_wconf 86' lang='lat' dir='ltr'>beati</span> 
     </span>
     <span class='ocr_line' id='line_1_7' title="bbox 231 733 1551 787; baseline 0.002 -14"><span class='ocrx_word' id='word_1_42' title='bbox 231 734 475 787; x_wconf 88' lang='lat' dir='ltr'>Jeronymi</span> <span class='ocrx_word' id='word_1_43' title='bbox 506 733 554 773; x_wconf 89' lang='lat' dir='ltr'>in</span> <span class='ocrx_word' id='word_1_44' title='bbox 577 734 669 774; x_wconf 88' lang='lat' dir='ltr'>fine</span> <span class='ocrx_word' id='word_1_45' title='bbox 693 734 862 783; x_wconf 73' lang='lat' dir='ltr'>addita,</span> <span class='ocrx_word' id='word_1_46' title='bbox 897 735 1084 787; x_wconf 85' lang='lat' dir='ltr'>quando</span> <span class='ocrx_word' id='word_1_47' title='bbox 1114 734 1302 775; x_wconf 86' lang='lat' dir='ltr'>dicitur:</span> <span class='ocrx_word' id='word_1_48' title='bbox 1333 734 1551 787; x_wconf 73' lang='lat' dir='ltr'>Quicunz-</span> 
     </span>
     <span class='ocr_line' id='line_1_8' title="bbox 232 804 1554 857; baseline -0.001 -12"><span class='ocrx_word' id='word_1_49' title='bbox 232 817 313 856; x_wconf 75' lang='lat' dir='ltr'>que</span> <span class='ocrx_word' id='word_1_50' title='bbox 346 817 433 845; x_wconf 66' lang='grc' dir='ltr'>που</span> <span class='ocrx_word' id='word_1_51' title='bbox 467 805 632 856; x_wconf 79' lang='lat' dir='ltr'>colligit</span> <span class='ocrx_word' id='word_1_52' title='bbox 653 804 979 844; x_wconf 72' lang='lat' dir='ltr'>czmzRomauo</span> <span class='ocrx_word' id='word_1_53' title='bbox 1010 805 1220 857; x_wconf 71' lang='lat' dir='ltr'>pontifice</span> <span class='ocrx_word' id='word_1_54' title='bbox 1250 805 1442 857; x_wconf 71' lang='lat' dir='ltr'>spargit,</span> <span class='ocrx_word' id='word_1_55' title='bbox 1476 805 1554 844; x_wconf 75' lang='lat' dir='ltr'>hoc</span> 
     </span>
     <span class='ocr_line' id='line_1_9' title="bbox 234 872 1553 927; baseline -0.001 -13"><span class='ocrx_word' id='word_1_56' title='bbox 234 878 308 925; x_wconf 75' lang='lat' dir='ltr'>est,</span> <span class='ocrx_word' id='word_1_57' title='bbox 341 873 504 927; x_wconf 75' lang='lat' dir='ltr'>inquit,</span> <span class='ocrx_word' id='word_1_58' title='bbox 537 875 613 925; x_wconf 75' lang='lat' dir='ltr'>qni</span> <span class='ocrx_word' id='word_1_59' title='bbox 639 872 806 915; x_wconf 69' lang='lat' dir='ltr'>Christi</span> <span class='ocrx_word' id='word_1_60' title='bbox 828 887 914 914; x_wconf 74' lang='lat' dir='ltr'>uon</span> <span class='ocrx_word' id='word_1_61' title='bbox 946 877 1020 922; x_wconf 75' lang='lat' dir='ltr'>est,</span> <span class='ocrx_word' id='word_1_62' title='bbox 1052 874 1321 914; x_wconf 75' lang='lat' dir='ltr'>Autz&#39;clzristi</span> <span class='ocrx_word' id='word_1_63' title='bbox 1352 877 1426 922; x_wconf 74' lang='lat' dir='ltr'>est,</span> <span class='ocrx_word' id='word_1_64' title='bbox 1459 887 1553 913; x_wconf 82' lang='lat' dir='ltr'>non</span> 
     </span>
     <span class='ocr_line' id='line_1_10' title="bbox 233 943 1552 996; baseline 0 -13"><span class='ocrx_word' id='word_1_65' title='bbox 233 949 388 983; x_wconf 87' lang='lat' dir='ltr'>tamen</span> <span class='ocrx_word' id='word_1_66' title='bbox 427 944 556 996; x_wconf 86' lang='lat' dir='ltr'>quod</span> <span class='ocrx_word' id='word_1_67' title='bbox 588 943 805 983; x_wconf 85' lang='lat' dir='ltr'>Romana</span> <span class='ocrx_word' id='word_1_68' title='bbox 844 943 1045 983; x_wconf 86' lang='lat' dir='ltr'>ecclesia</span> <span class='ocrx_word' id='word_1_69' title='bbox 1086 956 1203 996; x_wconf 88' lang='lat' dir='ltr'>sepe</span> <span class='ocrx_word' id='word_1_70' title='bbox 1237 943 1433 984; x_wconf 85' lang='lat' dir='ltr'>sumitur</span> <span class='ocrx_word' id='word_1_71' title='bbox 1465 957 1552 996; x_wconf 86' lang='lat' dir='ltr'>pro</span> 
     </span>
     <span class='ocr_line' id='line_1_11' title="bbox 181 1012 1554 1066; baseline -0.001 -12"><span class='ocrx_word' id='word_1_72' title='bbox 181 1034 219 1054; x_wconf 86' lang='lat'>10</span> <span class='ocrx_word' id='word_1_73' title='bbox 235 1012 563 1066; x_wconf 79' lang='lat' dir='ltr'>qualicumque</span> <span class='ocrx_word' id='word_1_74' title='bbox 588 1026 712 1066; x_wconf 88' lang='lat' dir='ltr'>papa</span> <span class='ocrx_word' id='word_1_75' title='bbox 735 1018 782 1052; x_wconf 88' lang='lat' dir='ltr'>et</span> <span class='ocrx_word' id='word_1_76' title='bbox 805 1013 901 1053; x_wconf 88' lang='lat' dir='ltr'>suis</span> <span class='ocrx_word' id='word_1_77' title='bbox 926 1012 1253 1057; x_wconf 75' lang='lat' dir='ltr'>cardinalibus,</span> <span class='ocrx_word' id='word_1_78' title='bbox 1269 1013 1554 1066; x_wconf 84' lang='lat' dir='ltr'>ubicumque</span> 
     </span>
     <span class='ocr_line' id='line_1_12' title="bbox 233 1082 1555 1135; baseline -0.001 -13"><span class='ocrx_word' id='word_1_79' title='bbox 233 1083 560 1132; x_wconf 78' lang='lat' dir='ltr'>habitaverint,</span> <span class='ocrx_word' id='word_1_80' title='bbox 594 1082 952 1135; x_wconf 79' lang='lat' dir='ltr'>quomodolibet</span> <span class='ocrx_word' id='word_1_81' title='bbox 974 1083 1317 1130; x_wconf 73' lang='lat' dir='ltr'>conversando,</span> <span class='ocrx_word' id='word_1_82' title='bbox 1352 1083 1435 1122; x_wconf 90' lang='lat' dir='ltr'>sed</span> <span class='ocrx_word' id='word_1_83' title='bbox 1464 1082 1555 1123; x_wconf 74' lang='lat' dir='ltr'>ista</span> 
     </span>
     <span class='ocr_line' id='line_1_13' title="bbox 236 1151 1554 1205; baseline 0 -14"><span class='ocrx_word' id='word_1_84' title='bbox 236 1151 524 1205; x_wconf 80' lang='lat' dir='ltr'>significacio</span> <span class='ocrx_word' id='word_1_85' title='bbox 571 1152 845 1192; x_wconf 71' lang='lat' dir='ltr'>seculariter</span> <span class='ocrx_word' id='word_1_86' title='bbox 891 1157 938 1192; x_wconf 92' lang='lat' dir='ltr'>et</span> <span class='ocrx_word' id='word_1_87' title='bbox 974 1151 1325 1191; x_wconf 76' lang='lat' dir='ltr'>infundabiliter</span> <span class='ocrx_word' id='word_1_88' title='bbox 1363 1157 1436 1191; x_wconf 89' lang='lat' dir='ltr'>est</span> <span class='ocrx_word' id='word_1_89' title='bbox 1475 1166 1554 1191; x_wconf 79' lang='lat' dir='ltr'>ex-</span> 
     </span>
     <span class='ocr_line' id='line_1_14' title="bbox 236 1221 1351 1270; baseline 0.002 -9"><span class='ocrx_word' id='word_1_90' title='bbox 236 1227 372 1270; x_wconf 71' lang='lat' dir='ltr'>torta,</span> <span class='ocrx_word' id='word_1_91' title='bbox 408 1227 454 1262; x_wconf 92' lang='lat' dir='ltr'>et</span> <span class='ocrx_word' id='word_1_92' title='bbox 485 1221 593 1261; x_wconf 91' lang='lat' dir='ltr'>ideo</span> <span class='ocrx_word' id='word_1_93' title='bbox 626 1221 841 1261; x_wconf 76' lang='lat' dir='ltr'>nimi-rum</span> <span class='ocrx_word' id='word_1_94' title='bbox 873 1221 1058 1261; x_wconf 74' lang='lat' dir='ltr'>intricat</span> <span class='ocrx_word' id='word_1_95' title='bbox 1092 1221 1351 1263; x_wconf 85' lang='lat' dir='ltr'>ecclesiam.</span> 
     </span>
     <span class='ocr_line' id='line_1_15' title="bbox 295 1290 1844 1362; baseline 0 -31"><span class='ocrx_word' id='word_1_96' title='bbox 295 1290 518 1331; x_wconf 74' lang='lat' dir='ltr'>Secundo</span> <span class='ocrx_word' id='word_1_97' title='bbox 564 1291 819 1331; x_wconf 89' lang='lat' dir='ltr'>notandum</span> <span class='ocrx_word' id='word_1_98' title='bbox 865 1305 926 1331; x_wconf 78' lang='lat' dir='ltr'>ex</span> <span class='ocrx_word' id='word_1_99' title='bbox 971 1291 1097 1331; x_wconf 89' lang='lat' dir='ltr'>dicto</span> <span class='ocrx_word' id='word_1_100' title='bbox 1142 1291 1269 1331; x_wconf 86' lang='lat' dir='ltr'>beati</span> <span class='ocrx_word' id='word_1_101' title='bbox 1312 1291 1844 1362; x_wconf 28' lang='lat' dir='ltr'>Jeronymielefaslf&gt;iffl3122}⁵1³</span> 
     </span>
     <span class='ocr_line' id='line_1_16' title="bbox 183 1360 1842 1414; baseline 0 -13"><span class='ocrx_word' id='word_1_102' title='bbox 183 1362 365 1414; x_wconf 62' lang='lat' dir='ltr'>xffiquod</span> <span class='ocrx_word' id='word_1_103' title='bbox 410 1360 691 1414; x_wconf 85' lang='lat' dir='ltr'>quicumque</span> <span class='ocrx_word' id='word_1_104' title='bbox 738 1360 950 1401; x_wconf 82' lang='lat' dir='ltr'>diviserit</span> <span class='ocrx_word' id='word_1_105' title='bbox 995 1366 1158 1400; x_wconf 84' lang='lat' dir='ltr'>contra</span> <span class='ocrx_word' id='word_1_106' title='bbox 1203 1360 1433 1401; x_wconf 80' lang='lat' dir='ltr'>Christum</span> <span class='ocrx_word' id='word_1_107' title='bbox 1483 1367 1555 1402; x_wconf 87' lang='lat' dir='ltr'>est</span> <span class='ocrx_word' id='word_1_108' title='bbox 1575 1370 1624 1390; x_wconf 73' lang='lat' dir='ltr'>are</span> <span class='ocrx_word' id='word_1_109' title='bbox 1644 1362 1842 1390; x_wconf 66' lang='lat' dir='ltr'>Aniicnrists.</span> 
     </span>
     <span class='ocr_line' id='line_1_17' title="bbox 236 1430 1556 1484; baseline 0 -14"><span class='ocrx_word' id='word_1_110' title='bbox 236 1431 568 1480; x_wconf 67' lang='lat' dir='ltr'>Antichristus7</span> <span class='ocrx_word' id='word_1_111' title='bbox 587 1430 850 1471; x_wconf 88' lang='lat' dir='ltr'>cuiusmodi</span> <span class='ocrx_word' id='word_1_112' title='bbox 872 1437 981 1470; x_wconf 88' lang='lat' dir='ltr'>sunt</span> <span class='ocrx_word' id='word_1_113' title='bbox 1004 1431 1199 1484; x_wconf 83' lang='lat' dir='ltr'>superbi</span> <span class='ocrx_word' id='word_1_114' title='bbox 1221 1437 1266 1471; x_wconf 88' lang='lat' dir='ltr'>et</span> <span class='ocrx_word' id='word_1_115' title='bbox 1289 1430 1556 1484; x_wconf 84' lang='lat' dir='ltr'>specialiter</span> 
     </span>
     <span class='ocr_line' id='line_1_18' title="bbox 238 1499 1555 1553; baseline 0 -13"><span class='ocrx_word' id='word_1_116' title='bbox 238 1501 512 1540; x_wconf 75' lang='lat' dir='ltr'>sacerdotes</span> <span class='ocrx_word' id='word_1_117' title='bbox 566 1500 745 1540; x_wconf 86' lang='lat' dir='ltr'>cesarei</span> <span class='ocrx_word' id='word_1_118' title='bbox 789 1501 885 1553; x_wconf 78' lang='lat' dir='ltr'>legi</span> <span class='ocrx_word' id='word_1_119' title='bbox 931 1499 1103 1540; x_wconf 88' lang='lat' dir='ltr'>Christi</span> <span class='ocrx_word' id='word_1_120' title='bbox 1156 1501 1385 1541; x_wconf 88' lang='lat' dir='ltr'>contrarii.</span> <span class='ocrx_word' id='word_1_121' title='bbox 1438 1500 1555 1541; x_wconf 86' lang='lat' dir='ltr'>Nam</span> 
     </span>
     <span class='ocr_line' id='line_1_19' title="bbox 238 1569 1556 1625; baseline 0.001 -15"><span class='ocrx_word' id='word_1_122' title='bbox 238 1571 496 1610; x_wconf 89' lang='lat' dir='ltr'>secundum</span> <span class='ocrx_word' id='word_1_123' title='bbox 533 1571 725 1610; x_wconf 84' lang='lat' dir='ltr'>beatum</span> <span class='ocrx_word' id='word_1_124' title='bbox 759 1569 1044 1625; x_wconf 76' lang='lat' dir='ltr'>Gregorium</span> <span class='ocrx_word' id='word_1_125' title='bbox 1082 1571 1236 1611; x_wconf 84' lang='lat' dir='ltr'>nullus</span> <span class='ocrx_word' id='word_1_126' title='bbox 1276 1571 1322 1611; x_wconf 89' lang='lat' dir='ltr'>in</span> <span class='ocrx_word' id='word_1_127' title='bbox 1356 1571 1556 1611; x_wconf 81' lang='lat' dir='ltr'>ecclesia</span> 
     </span>
     <span class='ocr_line' id='line_1_20' title="bbox 237 1640 1553 1694; baseline 0.002 -15"><span class='ocrx_word' id='word_1_128' title='bbox 237 1640 387 1693; x_wconf 78' lang='lat' dir='ltr'>magis</span> <span class='ocrx_word' id='word_1_129' title='bbox 432 1646 584 1690; x_wconf 73' lang='lat' dir='ltr'>nocet,</span> <span class='ocrx_word' id='word_1_130' title='bbox 630 1646 680 1679; x_wconf 92' lang='lat' dir='ltr'>ut</span> <span class='ocrx_word' id='word_1_131' title='bbox 725 1641 975 1693; x_wconf 80' lang='lat' dir='ltr'>allegatum</span> <span class='ocrx_word' id='word_1_132' title='bbox 1011 1645 1083 1680; x_wconf 91' lang='lat' dir='ltr'>est</span> <span class='ocrx_word' id='word_1_133' title='bbox 1117 1653 1177 1679; x_wconf 75' lang='lat' dir='ltr'>ex</span> <span class='ocrx_word' id='word_1_134' title='bbox 1210 1641 1419 1681; x_wconf 89' lang='lat' dir='ltr'>secundo</span> <span class='ocrx_word' id='word_1_135' title='bbox 1456 1654 1553 1694; x_wconf 84' lang='lat' dir='ltr'>cap.</span> 
     </span>
     <span class='ocr_line' id='line_1_21' title="bbox 180 1710 1555 1764; baseline 0.001 -14"><span class='ocrx_word' id='word_1_136' title='bbox 180 1710 373 1763; x_wconf 80' lang='lat' dir='ltr'>20primi</span> <span class='ocrx_word' id='word_1_137' title='bbox 423 1710 499 1750; x_wconf 85' lang='lat' dir='ltr'>De</span> <span class='ocrx_word' id='word_1_138' title='bbox 551 1710 671 1750; x_wconf 86' lang='lat' dir='ltr'>Cura</span> <span class='ocrx_word' id='word_1_139' title='bbox 720 1710 965 1759; x_wconf 68' lang='lat' dir='ltr'>Pastorali‚</span> <span class='ocrx_word' id='word_1_140' title='bbox 1020 1715 1066 1749; x_wconf 90' lang='lat' dir='ltr'>et</span> <span class='ocrx_word' id='word_1_141' title='bbox 1118 1724 1204 1763; x_wconf 88' lang='lat' dir='ltr'>per</span> <span class='ocrx_word' id='word_1_142' title='bbox 1256 1724 1555 1764; x_wconf 86' lang='lat' dir='ltr'>consequens</span> 
     </span>
     <span class='ocr_line' id='line_1_22' title="bbox 237 1779 1555 1832; baseline 0.001 -13"><span class='ocrx_word' id='word_1_143' title='bbox 237 1780 390 1819; x_wconf 90' lang='lat' dir='ltr'>nullus</span> <span class='ocrx_word' id='word_1_144' title='bbox 437 1785 510 1820; x_wconf 90' lang='lat' dir='ltr'>est</span> <span class='ocrx_word' id='word_1_145' title='bbox 552 1779 752 1832; x_wconf 86' lang='lat' dir='ltr'>nequior</span> <span class='ocrx_word' id='word_1_146' title='bbox 795 1779 1128 1820; x_wconf 74' lang='lat' dir='ltr'>Antichristus.</span> <span class='ocrx_word' id='word_1_147' title='bbox 1175 1780 1236 1820; x_wconf 79' lang='lat' dir='ltr'>Et</span> <span class='ocrx_word' id='word_1_148' title='bbox 1277 1780 1368 1820; x_wconf 87' lang='lat' dir='ltr'>isto</span> <span class='ocrx_word' id='word_1_149' title='bbox 1414 1781 1555 1821; x_wconf 87' lang='lat' dir='ltr'>modo</span> 
     </span>
     <span class='ocr_line' id='line_1_23' title="bbox 237 1849 1557 1902; baseline 0 -13"><span class='ocrx_word' id='word_1_150' title='bbox 237 1849 445 1902; x_wconf 87' lang='lat' dir='ltr'>loquitur</span> <span class='ocrx_word' id='word_1_151' title='bbox 476 1850 718 1889; x_wconf 85' lang='lat' dir='ltr'>decretum</span> <span class='ocrx_word' id='word_1_152' title='bbox 760 1849 819 1889; x_wconf 89' lang='lat' dir='ltr'>de</span> <span class='ocrx_word' id='word_1_153' title='bbox 852 1849 1145 1890; x_wconf 82' lang='lat' dir='ltr'>Antichristo</span> <span class='ocrx_word' id='word_1_154' title='bbox 1187 1851 1273 1889; x_wconf 85' lang='lat' dir='ltr'>sub</span> <span class='ocrx_word' id='word_1_155' title='bbox 1309 1850 1557 1891; x_wconf 87' lang='lat' dir='ltr'>autoritate</span> 
     </span>
     <span class='ocr_line' id='line_1_24' title="bbox 241 1918 1558 1972; baseline 0.001 -14"><span class='ocrx_word' id='word_1_156' title='bbox 241 1918 472 1972; x_wconf 78' lang='lat' dir='ltr'>Gregorii,</span> <span class='ocrx_word' id='word_1_157' title='bbox 506 1919 629 1959; x_wconf 85' lang='lat' dir='ltr'>XVI</span> <span class='ocrx_word' id='word_1_158' title='bbox 654 1919 841 1971; x_wconf 85' lang='lat' dir='ltr'>questio</span> <span class='ocrx_word' id='word_1_159' title='bbox 871 1919 985 1960; x_wconf 83' lang='lat' dir='ltr'>VH:</span> <span class='ocrx_word' id='word_1_160' title='bbox 1020 1919 1228 1960; x_wconf 73' lang='lat' dir='ltr'>Pervenit</span> <span class='ocrx_word' id='word_1_161' title='bbox 1259 1922 1320 1960; x_wconf 68' lang='grc' dir='ltr'><em>[ιι-Ι</em></span> <span class='ocrx_word' id='word_1_162' title='bbox 1350 1932 1443 1967; x_wconf 69' lang='lat' dir='ltr'>nos,</span> <span class='ocrx_word' id='word_1_163' title='bbox 1478 1919 1558 1959; x_wconf 84' lang='lat' dir='ltr'>ubi</span> 
     </span>
     <span class='ocr_line' id='line_1_25' title="bbox 240 1988 1555 2041; baseline 0.001 -13"><span class='ocrx_word' id='word_1_164' title='bbox 240 1988 422 2038; x_wconf 79' lang='lat' dir='ltr'>dicitur,</span> <span class='ocrx_word' id='word_1_165' title='bbox 474 1990 592 2040; x_wconf 80' lang='lat' dir='ltr'>quod</span> <span class='ocrx_word' id='word_1_166' title='bbox 642 1990 829 2040; x_wconf 62' lang='lat' dir='ltr'>quschmn</span> <span class='ocrx_word' id='word_1_167' title='bbox 884 1990 1079 2041; x_wconf 70' lang='lat' dir='ltr'>episcopi</span> <span class='ocrx_word' id='word_1_168' title='bbox 1123 1993 1392 2030; x_wconf 65' lang='lat' dir='ltr'>consummat</span> <span class='ocrx_word' id='word_1_169' title='bbox 1444 1991 1555 2029; x_wconf 70' lang='lat' dir='ltr'>hona</span> 
     </span>
     <span class='ocr_line' id='line_1_26' title="bbox 183 2059 1559 2111; baseline -0.001 -11"><span class='ocrx_word' id='word_1_170' title='bbox 183 2069 221 2100; x_wconf 73' lang='lat'>23</span> <span class='ocrx_word' id='word_1_171' title='bbox 233 2071 499 2111; x_wconf 67' lang='lat' dir='ltr'>pauperum</span> <span class='ocrx_word' id='word_1_172' title='bbox 523 2059 667 2099; x_wconf 72' lang='lat' dir='ltr'>tribus</span> <span class='ocrx_word' id='word_1_173' title='bbox 689 2059 861 2098; x_wconf 76' lang='lat' dir='ltr'>modis:</span> <span class='ocrx_word' id='word_1_174' title='bbox 886 2059 1044 2111; x_wconf 77' lang='lat' dir='ltr'>primo</span> <span class='ocrx_word' id='word_1_175' title='bbox 1069 2060 1115 2098; x_wconf 75' lang='lat' dir='ltr'>in</span> <span class='ocrx_word' id='word_1_176' title='bbox 1139 2059 1360 2099; x_wconf 72' lang='lat' dir='ltr'>militibus</span> <span class='ocrx_word' id='word_1_177' title='bbox 1390 2063 1428 2099; x_wconf 73' lang='lat' dir='ltr'>ef</span> <span class='ocrx_word' id='word_1_178' title='bbox 1450 2060 1559 2099; x_wconf 75' lang='lat' dir='ltr'>aliis</span> 
     </span>
     <span class='ocr_line' id='line_1_27' title="bbox 238 2128 1556 2183; baseline 0.001 -15"><span class='ocrx_word' id='word_1_179' title='bbox 238 2129 398 2183; x_wconf 69' lang='lat' dir='ltr'>laycis,</span> <span class='ocrx_word' id='word_1_180' title='bbox 435 2129 513 2180; x_wconf 77' lang='lat' dir='ltr'>qni</span> <span class='ocrx_word' id='word_1_181' title='bbox 543 2129 663 2182; x_wconf 78' lang='lat' dir='ltr'>ipsos</span> <span class='ocrx_word' id='word_1_182' title='bbox 682 2128 843 2180; x_wconf 73' lang='lat' dir='ltr'>fovent</span> <span class='ocrx_word' id='word_1_183' title='bbox 873 2132 911 2169; x_wconf 77' lang='lat' dir='ltr'>et</span> <span class='ocrx_word' id='word_1_184' title='bbox 940 2132 1187 2181; x_wconf 53' lang='lat' dir='ltr'>protegam&amp;</span> <span class='ocrx_word' id='word_1_185' title='bbox 1223 2130 1270 2169; x_wconf 70' lang='lat' dir='ltr'>in</span> <span class='ocrx_word' id='word_1_186' title='bbox 1299 2130 1454 2181; x_wconf 74' lang='lat' dir='ltr'>gloria·</span> <span class='ocrx_word' id='word_1_187' title='bbox 1485 2141 1556 2169; x_wconf 81' lang='lat' dir='ltr'>se-</span> 
     </span>
     <span class='ocr_line' id='line_1_28' title="bbox 240 2198 1556 2250; baseline 0 -12"><span class='ocrx_word' id='word_1_188' title='bbox 240 2199 402 2250; x_wconf 69' lang='lat' dir='ltr'>culari,</span> <span class='ocrx_word' id='word_1_189' title='bbox 446 2200 638 2238; x_wconf 66' lang='lat' dir='ltr'>secundo</span> <span class='ocrx_word' id='word_1_190' title='bbox 684 2200 729 2238; x_wconf 77' lang='lat' dir='ltr'>in</span> <span class='ocrx_word' id='word_1_191' title='bbox 773 2202 1065 2239; x_wconf 70' lang='lat' dir='ltr'>monstruosa.</span> <span class='ocrx_word' id='word_1_192' title='bbox 1097 2198 1295 2249; x_wconf 74' lang='lat' dir='ltr'>familia.</span> <span class='ocrx_word' id='word_1_193' title='bbox 1341 2202 1379 2238; x_wconf 75' lang='lat' dir='ltr'>et</span> <span class='ocrx_word' id='word_1_194' title='bbox 1421 2200 1556 2239; x_wconf 73' lang='lat' dir='ltr'>tercio</span> 
     </span>
     <span class='ocr_line' id='line_1_29' title="bbox 239 2268 1840 2321; baseline -0.001 -13"><span class='ocrx_word' id='word_1_195' title='bbox 239 2269 357 2320; x_wconf 73' lang='lat' dir='ltr'>quod</span> <span class='ocrx_word' id='word_1_196' title='bbox 394 2272 456 2309; x_wconf 77' lang='lat' dir='ltr'>est</span> <span class='ocrx_word' id='word_1_197' title='bbox 488 2269 683 2321; x_wconf 75' lang='lat' dir='ltr'>gravius</span> <span class='ocrx_word' id='word_1_198' title='bbox 715 2270 760 2308; x_wconf 77' lang='lat' dir='ltr'>in-</span> <span class='ocrx_word' id='word_1_199' title='bbox 793 2269 1152 2321; x_wconf 73' lang='lat' dir='ltr'>consanguineis.</span> <span class='ocrx_word' id='word_1_200' title='bbox 1205 2268 1265 2308; x_wconf 86' lang='lat' dir='ltr'>Et</span> <span class='ocrx_word' id='word_1_201' title='bbox 1298 2282 1358 2308; x_wconf 79' lang='lat' dir='ltr'>ex</span> <span class='ocrx_word' id='word_1_202' title='bbox 1393 2268 1555 2308; x_wconf 88' lang='lat' dir='ltr'>diffini·</span> <span class='ocrx_word' id='word_1_203' title='bbox 1579 2280 1660 2309; x_wconf 69' lang='lat' dir='ltr'>Such</span> <span class='ocrx_word' id='word_1_204' title='bbox 1684 2287 1733 2307; x_wconf 77' lang='lat' dir='ltr'>are</span> <span class='ocrx_word' id='word_1_205' title='bbox 1755 2287 1840 2318; x_wconf 49' lang='lat' dir='ltr'>mort·</span> 
     </span>
     <span class='ocr_line' id='line_1_30' title="bbox 242 2322 1827 2391; baseline -0.001 -13"><span class='ocrx_word' id='word_1_206' title='bbox 242 2338 375 2378; x_wconf 89' lang='lat' dir='ltr'>cione</span> <span class='ocrx_word' id='word_1_207' title='bbox 409 2337 558 2378; x_wconf 89' lang='lat' dir='ltr'>sancti</span> <span class='ocrx_word' id='word_1_208' title='bbox 589 2338 694 2378; x_wconf 86' lang='lat' dir='ltr'>talis</span> <span class='ocrx_word' id='word_1_209' title='bbox 729 2338 986 2391; x_wconf 89' lang='lat' dir='ltr'>episcopus</span> <span class='ocrx_word' id='word_1_210' title='bbox 1010 2337 1140 2378; x_wconf 81' lang='lat' dir='ltr'>&#39;inter</span> <span class='ocrx_word' id='word_1_211' title='bbox 1171 2338 1398 2378; x_wconf 79' lang='lat' dir='ltr'>maximos</span> <span class='ocrx_word' id='word_1_212' title='bbox 1425 2339 1555 2378; x_wconf 90' lang='lat' dir='ltr'>here·</span> <span class='ocrx_word' id='word_1_213' title='bbox 1594 2322 1827 2388; x_wconf 38' lang='lat' dir='ltr'>ssssssssiiffissssdl‘„</span> 
     </span>
     <span class='ocr_line' id='line_1_31' title="bbox 185 2388 1816 2458; baseline 0.001 -10"><span class='ocrx_word' id='word_1_214' title='bbox 185 2407 361 2449; x_wconf 66' lang='lat' dir='ltr'>30ticos</span> <span class='ocrx_word' id='word_1_215' title='bbox 395 2413 442 2448; x_wconf 90' lang='lat' dir='ltr'>et</span> <span class='ocrx_word' id='word_1_216' title='bbox 486 2407 784 2448; x_wconf 83' lang='lat' dir='ltr'>antichristos</span> <span class='ocrx_word' id='word_1_217' title='bbox 828 2421 922 2448; x_wconf 92' lang='lat' dir='ltr'>non</span> <span class='ocrx_word' id='word_1_218' title='bbox 955 2407 1168 2448; x_wconf 89' lang='lat' dir='ltr'>minimus</span> <span class='ocrx_word' id='word_1_219' title='bbox 1214 2408 1456 2458; x_wconf 71' lang='lat' dir='ltr'>habeatur,</span> <span class='ocrx_word' id='word_1_220' title='bbox 1510 2414 1558 2449; x_wconf 91' lang='lat' dir='ltr'>et</span> <span class='ocrx_word' id='word_1_221' title='bbox 1607 2389 1673 2413; x_wconf 81' lang='lat' dir='ltr'>true</span> <span class='ocrx_word' id='word_1_222' title='bbox 1694 2388 1816 2420; x_wconf 73' lang='lat' dir='ltr'>pnests.</span> 
     </span>
     <span class='ocr_line' id='line_1_32' title="bbox 241 2477 1559 2531; baseline 0.001 -14"><span class='ocrx_word' id='word_1_223' title='bbox 241 2477 365 2518; x_wconf 87' lang='lat' dir='ltr'>forte</span> <span class='ocrx_word' id='word_1_224' title='bbox 410 2477 449 2517; x_wconf 90' lang='lat' dir='ltr'>si</span> <span class='ocrx_word' id='word_1_225' title='bbox 494 2490 656 2517; x_wconf 88' lang='lat' dir='ltr'>omnes</span> <span class='ocrx_word' id='word_1_226' title='bbox 702 2477 919 2531; x_wconf 88' lang='lat' dir='ltr'>episcopi</span> <span class='ocrx_word' id='word_1_227' title='bbox 960 2477 1102 2518; x_wconf 90' lang='lat' dir='ltr'>hodie</span> <span class='ocrx_word' id='word_1_228' title='bbox 1145 2477 1191 2517; x_wconf 90' lang='lat' dir='ltr'>in</span> <span class='ocrx_word' id='word_1_229' title='bbox 1235 2478 1410 2531; x_wconf 85' lang='lat' dir='ltr'>Anglia</span> <span class='ocrx_word' id='word_1_230' title='bbox 1454 2491 1559 2518; x_wconf 88' lang='lat' dir='ltr'>cum</span> 
     </span>
     <span class='ocr_line' id='line_1_33' title="bbox 241 2546 1561 2600; baseline 0.002 -14"><span class='ocrx_word' id='word_1_231' title='bbox 241 2546 474 2600; x_wconf 84' lang='lat' dir='ltr'>religiosis</span> <span class='ocrx_word' id='word_1_232' title='bbox 520 2552 568 2588; x_wconf 91' lang='lat' dir='ltr'>et</span> <span class='ocrx_word' id='word_1_233' title='bbox 605 2546 896 2588; x_wconf 88' lang='lat' dir='ltr'>secularibus</span> <span class='ocrx_word' id='word_1_234' title='bbox 931 2546 997 2587; x_wconf 90' lang='lat' dir='ltr'>eis</span> <span class='ocrx_word' id='word_1_235' title='bbox 1032 2547 1362 2588; x_wconf 84' lang='lat' dir='ltr'>consentaneis</span> <span class='ocrx_word' id='word_1_236' title='bbox 1398 2552 1561 2588; x_wconf 87' lang='lat' dir='ltr'>essent</span> 
     </span>
    </p>
   </div>
   <div class='ocr_carea' id='block_1_3' title="bbox 243 2616 1558 2671">
    <p class='ocr_par' dir='ltr' id='par_1_3' title="bbox 243 2616 1558 2671">
     <span class='ocr_line' id='line_1_34' title="bbox 243 2616 1558 2671; baseline 0.001 -15"><span class='ocrx_word' id='word_1_237' title='bbox 243 2616 414 2669; x_wconf 82' lang='lat' dir='ltr'>signati</span> <span class='ocrx_word' id='word_1_238' title='bbox 444 2616 492 2657; x_wconf 90' lang='lat' dir='ltr'>in</span> <span class='ocrx_word' id='word_1_239' title='bbox 514 2617 669 2657; x_wconf 86' lang='lat' dir='ltr'>fronte</span> <span class='ocrx_word' id='word_1_240' title='bbox 694 2617 830 2670; x_wconf 79' lang='lat' dir='ltr'>signo</span> <span class='ocrx_word' id='word_1_241' title='bbox 852 2617 1022 2667; x_wconf 73' lang='lat' dir='ltr'>bestie⁷</span> <span class='ocrx_word' id='word_1_242' title='bbox 1054 2622 1242 2670; x_wconf 86' lang='lat' dir='ltr'>pateret</span> <span class='ocrx_word' id='word_1_243' title='bbox 1265 2617 1393 2670; x_wconf 87' lang='lat' dir='ltr'>quod</span> <span class='ocrx_word' id='word_1_244' title='bbox 1414 2618 1558 2671; x_wconf 84' lang='lat' dir='ltr'>longe</span> 
     </span>
    </p>
   </div>
   <div class='ocr_carea' id='block_1_4' title="bbox 315 2765 1327 2802">
    <p class='ocr_par' dir='ltr' id='par_1_4' title="bbox 315 2765 1327 2802">
     <span class='ocr_line' id='line_1_35' title="bbox 315 2765 1327 2802; baseline 0 -8"><span class='ocrx_word' id='word_1_245' title='bbox 315 2774 342 2801; x_wconf 77' lang='grc' dir='ltr'>ς).</span> <span class='ocrx_word' id='word_1_246' title='bbox 366 2766 404 2793; x_wconf 83' lang='lat' dir='ltr'>B:</span> <span class='ocrx_word' id='word_1_247' title='bbox 426 2765 509 2801; x_wconf 80' lang='lat' dir='ltr'>quod</span> <span class='ocrx_word' id='word_1_248' title='bbox 527 2766 627 2800; x_wconf 77' lang='lat' dir='ltr'>deest3</span> <span class='ocrx_word' id='word_1_249' title='bbox 650 2766 689 2793; x_wconf 36' lang='lat' dir='ltr'>ibi</span> <span class='ocrx_word' id='word_1_250' title='bbox 712 2768 755 2794; x_wconf 89' lang='lat' dir='ltr'>A:</span> <span class='ocrx_word' id='word_1_251' title='bbox 774 2775 845 2802; x_wconf 69' lang='lat' dir='ltr'>per.</span> <span class='ocrx_word' id='word_1_252' title='bbox 920 2775 966 2794; x_wconf 84' lang='lat'>22.</span> <span class='ocrx_word' id='word_1_253' title='bbox 992 2766 1109 2795; x_wconf 82' lang='lat' dir='ltr'>Codd.:</span> <span class='ocrx_word' id='word_1_254' title='bbox 1132 2766 1327 2794; x_wconf 74' lang='lat' dir='ltr'>Antichristo.</span> 
     </span>
    </p>
   </div>
   <div class='ocr_carea' id='block_1_5' title="bbox 244 2850 1559 2952">
    <p class='ocr_par' dir='ltr' id='par_1_5' title="bbox 244 2850 1559 2952">
     <span class='ocr_line' id='line_1_36' title="bbox 314 2850 1559 2895; baseline 0.002 -14"><span class='ocrx_word' id='word_1_255' title='bbox 314 2859 368 2884; x_wconf 89' lang='lat'>20.</span> <span class='ocrx_word' id='word_1_256' title='bbox 401 2850 572 2893; x_wconf 82' lang='lat' dir='ltr'>Gregorii,</span> <span class='ocrx_word' id='word_1_257' title='bbox 611 2851 661 2882; x_wconf 84' lang='lat' dir='ltr'>De</span> <span class='ocrx_word' id='word_1_258' title='bbox 695 2851 785 2883; x_wconf 86' lang='lat' dir='ltr'>Cura</span> <span class='ocrx_word' id='word_1_259' title='bbox 816 2851 908 2883; x_wconf 84' lang='lat' dir='ltr'>Past.</span> <span class='ocrx_word' id='word_1_260' title='bbox 941 2851 962 2885; x_wconf 88' lang='lat' dir='ltr'>l.</span> <span class='ocrx_word' id='word_1_261' title='bbox 995 2861 1021 2884; x_wconf 85' lang='lat' dir='ltr'>c.</span> <span class='ocrx_word' id='word_1_262' title='bbox 1137 2852 1188 2886; x_wconf 80' lang='lat'>23.</span> <span class='ocrx_word' id='word_1_263' title='bbox 1222 2851 1306 2894; x_wconf 88' lang='lat' dir='ltr'>Cap.</span> <span class='ocrx_word' id='word_1_264' title='bbox 1344 2851 1386 2883; x_wconf 88' lang='lat' dir='ltr'>III</span> <span class='ocrx_word' id='word_1_265' title='bbox 1424 2850 1559 2895; x_wconf 84' lang='lat' dir='ltr'>loosely</span> 
     </span>
     <span class='ocr_line' id='line_1_37' title="bbox 244 2908 1020 2952; baseline 0.003 -12"><span class='ocrx_word' id='word_1_266' title='bbox 244 2909 387 2950; x_wconf 82' lang='lat' dir='ltr'>quoted.</span> <span class='ocrx_word' id='word_1_267' title='bbox 487 2909 537 2942; x_wconf 83' lang='lat'>28.</span> <span class='ocrx_word' id='word_1_268' title='bbox 566 2909 649 2952; x_wconf 85' lang='lat' dir='ltr'>Cap.</span> <span class='ocrx_word' id='word_1_269' title='bbox 676 2909 701 2940; x_wconf 91' lang='grc' dir='ltr'>ΙΙ</span> <span class='ocrx_word' id='word_1_270' title='bbox 729 2908 807 2942; x_wconf 88' lang='lat' dir='ltr'>Non</span> <span class='ocrx_word' id='word_1_271' title='bbox 833 2911 882 2942; x_wconf 80' lang='lat' dir='ltr'>est</span> <span class='ocrx_word' id='word_1_272' title='bbox 898 2909 1020 2951; x_wconf 83' lang='lat' dir='ltr'>facile.</span> 
     </span>
    </p>
   </div>
  </div>
 </body>
</html>
