<?xml version="1.0" encoding="UTF-8"?>
<!DOCTYPE html PUBLIC "-//W3C//DTD XHTML 1.0 Transitional//EN"
    "http://www.w3.org/TR/xhtml1/DTD/xhtml1-transitional.dtd">
<html xmlns="http://www.w3.org/1999/xhtml" xml:lang="en" lang="en">
 <head>
  <title>
</title>
<meta http-equiv="Content-Type" content="text/html;charset=utf-8" />
  <meta name='ocr-system' content='tesseract 3.04.00' />
  <meta name='ocr-capabilities' content='ocr_page ocr_carea ocr_par ocr_line ocrx_word'/>
</head>
<body>
  <div class='ocr_page' id='page_1' title='image "./tractatusdepotes00wycl_0083.png"; bbox 0 0 2078 3338; ppageno 0'>
   <div class='ocr_carea' id='block_1_1' title="bbox 164 269 1085 325">
    <p class='ocr_par' dir='ltr' id='par_1_1' title="bbox 164 269 1085 325">
     <span class='ocr_line' id='line_1_1' title="bbox 164 269 1085 325; baseline 0.01 -21"><span class='ocrx_word' id='word_1_1' title='bbox 164 275 253 306; x_wconf 81' lang='lat' dir='ltr'>CAP.</span> <span class='ocrx_word' id='word_1_2' title='bbox 274 269 315 325; x_wconf 75' lang='lat' dir='ltr'>L]</span> <span class='ocrx_word' id='word_1_3' title='bbox 562 282 620 313; x_wconf 88' lang='lat' dir='ltr'>DE</span> <span class='ocrx_word' id='word_1_4' title='bbox 650 281 928 313; x_wconf 80' lang='lat' dir='ltr'><strong>POTESTATE</strong></span> <span class='ocrx_word' id='word_1_5' title='bbox 958 281 1085 313; x_wconf 85' lang='grc' dir='ltr'>ΡΑΡΕ.</span> 
     </span>
    </p>
   </div>
   <div class='ocr_carea' id='block_1_2' title="bbox 104 385 1479 1904">
    <p class='ocr_par' dir='ltr' id='par_1_2' title="bbox 104 385 1479 1904">
     <span class='ocr_line' id='line_1_2' title="bbox 161 385 1476 439; baseline 0.003 -14"><span class='ocrx_word' id='word_1_6' title='bbox 161 386 332 426; x_wconf 88' lang='lat' dir='ltr'>limites</span> <span class='ocrx_word' id='word_1_7' title='bbox 354 386 607 439; x_wconf 89' lang='lat' dir='ltr'>potestatis</span> <span class='ocrx_word' id='word_1_8' title='bbox 630 385 756 426; x_wconf 90' lang='lat' dir='ltr'>talis:</span> <span class='ocrx_word' id='word_1_9' title='bbox 798 385 963 437; x_wconf 75' lang='lat' dir='ltr'><em>Talem,</em></span> <span class='ocrx_word' id='word_1_10' title='bbox 998 386 1159 439; x_wconf 81' lang='lat' dir='ltr'>inquit,</span> <span class='ocrx_word' id='word_1_11' title='bbox 1181 387 1307 427; x_wconf 72' lang='lat' dir='ltr'>Deus</span> <span class='ocrx_word' id='word_1_12' title='bbox 1328 388 1476 429; x_wconf 66' lang='lat' dir='ltr'><em>Pilato</em></span> 
     </span>
     <span class='ocr_line' id='line_1_3' title="bbox 161 456 1475 510; baseline 0.002 -14"><span class='ocrx_word' id='word_1_13' title='bbox 161 457 347 496; x_wconf 75' lang='lat' dir='ltr'><em>dederat</em></span> <span class='ocrx_word' id='word_1_14' title='bbox 362 459 642 508; x_wconf 78' lang='lat' dir='ltr'>potestatem,</span> <span class='ocrx_word' id='word_1_15' title='bbox 680 459 729 495; x_wconf 78' lang='lat' dir='ltr'>ut</span> <span class='ocrx_word' id='word_1_16' title='bbox 760 459 870 495; x_wconf 69' lang='lat' dir='ltr'>esset</span> <span class='ocrx_word' id='word_1_17' title='bbox 902 456 1046 496; x_wconf 75' lang='lat' dir='ltr'><em>eciam</em></span> <span class='ocrx_word' id='word_1_18' title='bbox 1077 457 1159 496; x_wconf 78' lang='lat' dir='ltr'>suh</span> <span class='ocrx_word' id='word_1_19' title='bbox 1190 458 1363 498; x_wconf 77' lang='lat' dir='ltr'>cesaris</span> <span class='ocrx_word' id='word_1_20' title='bbox 1387 471 1475 510; x_wconf 77' lang='lat' dir='ltr'>po-</span> 
     </span>
     <span class='ocr_line' id='line_1_4' title="bbox 161 524 1477 578; baseline 0.001 -12"><span class='ocrx_word' id='word_1_21' title='bbox 161 529 324 566; x_wconf 78' lang='lat' dir='ltr'>testate.</span> <span class='ocrx_word' id='word_1_22' title='bbox 376 525 514 565; x_wconf 88' lang='lat' dir='ltr'><em>Unde</em></span> <span class='ocrx_word' id='word_1_23' title='bbox 560 525 748 578; x_wconf 87' lang='lat' dir='ltr'>quidam</span> <span class='ocrx_word' id='word_1_24' title='bbox 788 524 1060 577; x_wconf 84' lang='lat' dir='ltr'>intelligunt</span> <span class='ocrx_word' id='word_1_25' title='bbox 1106 525 1338 566; x_wconf 83' lang='lat' dir='ltr'>Christum</span> <span class='ocrx_word' id='word_1_26' title='bbox 1381 540 1477 567; x_wconf 90' lang='lat' dir='ltr'>non</span> 
     </span>
     <span class='ocr_line' id='line_1_5' title="bbox 162 594 1477 654; baseline 0.001 -19"><span class='ocrx_word' id='word_1_27' title='bbox 162 596 310 635; x_wconf 89' lang='lat' dir='ltr'>solum</span> <span class='ocrx_word' id='word_1_28' title='bbox 345 594 613 647; x_wconf 82' lang='lat' dir='ltr'>intelligere</span> <span class='ocrx_word' id='word_1_29' title='bbox 652 594 899 635; x_wconf 89' lang='lat' dir='ltr'>dacionem</span> <span class='ocrx_word' id='word_1_30' title='bbox 941 595 1194 647; x_wconf 87' lang='lat' dir='ltr'>potestatis</span> <span class='ocrx_word' id='word_1_31' title='bbox 1225 595 1364 654; x_wconf 78' lang='lat' dir='ltr'>Pilati</span> <span class='ocrx_word' id='word_1_32' title='bbox 1401 597 1477 636; x_wconf 90' lang='lat' dir='ltr'>de-</span> 
     </span>
     <span class='ocr_line' id='line_1_6' title="bbox 129 664 1477 718; baseline 0.002 -14"><span class='ocrx_word' id='word_1_33' title='bbox 129 675 306 718; x_wconf 83' lang='lat' dir='ltr'>5super</span> <span class='ocrx_word' id='word_1_34' title='bbox 336 678 432 705; x_wconf 90' lang='lat' dir='ltr'>non</span> <span class='ocrx_word' id='word_1_35' title='bbox 460 664 610 704; x_wconf 87' lang='lat' dir='ltr'>solum</span> <span class='ocrx_word' id='word_1_36' title='bbox 634 678 659 704; x_wconf 94' lang='lat' dir='ltr'><em>a</em></span> <span class='ocrx_word' id='word_1_37' title='bbox 681 664 789 704; x_wconf 91' lang='lat' dir='ltr'>Deo</span> <span class='ocrx_word' id='word_1_38' title='bbox 814 664 901 704; x_wconf 87' lang='lat' dir='ltr'>sed</span> <span class='ocrx_word' id='word_1_39' title='bbox 924 676 1100 717; x_wconf 86' lang='lat' dir='ltr'><em>cesare,</em></span> <span class='ocrx_word' id='word_1_40' title='bbox 1135 664 1243 718; x_wconf 87' lang='lat' dir='ltr'>quia</span> <span class='ocrx_word' id='word_1_41' title='bbox 1267 679 1477 706; x_wconf 78' lang='lat' dir='ltr'>cesarem</span> 
     </span>
     <span class='ocr_line' id='line_1_7' title="bbox 159 734 1477 789; baseline 0.002 -15"><span class='ocrx_word' id='word_1_42' title='bbox 159 735 266 788; x_wconf 90' lang='lat' dir='ltr'>plus</span> <span class='ocrx_word' id='word_1_43' title='bbox 317 734 470 774; x_wconf 80' lang='lat' dir='ltr'>timuit</span> <span class='ocrx_word' id='word_1_44' title='bbox 521 740 574 775; x_wconf 90' lang='lat' dir='ltr'>ut</span> <span class='ocrx_word' id='word_1_45' title='bbox 631 739 843 774; x_wconf 88' lang='lat' dir='ltr'>autorem</span> <span class='ocrx_word' id='word_1_46' title='bbox 900 734 1151 787; x_wconf 84' lang='lat' dir='ltr'>potestatis</span> <span class='ocrx_word' id='word_1_47' title='bbox 1203 748 1288 775; x_wconf 91' lang='lat' dir='ltr'>sue</span> <span class='ocrx_word' id='word_1_48' title='bbox 1340 749 1477 789; x_wconf 87' lang='lat' dir='ltr'>quarn</span> 
     </span>
     <span class='ocr_line' id='line_1_8' title="bbox 161 802 1479 859; baseline 0.001 -14"><span class='ocrx_word' id='word_1_49' title='bbox 161 803 379 845; x_wconf 84' lang='lat' dir='ltr'>occidere</span> <span class='ocrx_word' id='word_1_50' title='bbox 410 816 576 856; x_wconf 81' lang='lat' dir='ltr'><em>regem</em></span> <span class='ocrx_word' id='word_1_51' title='bbox 608 803 765 859; x_wconf 82' lang='lat' dir='ltr'>gentis</span> <span class='ocrx_word' id='word_1_52' title='bbox 799 803 963 844; x_wconf 90' lang='lat' dir='ltr'>aliene.</span> <span class='ocrx_word' id='word_1_53' title='bbox 998 802 1097 844; x_wconf 80' lang='lat' dir='ltr'>Sed</span> <span class='ocrx_word' id='word_1_54' title='bbox 1128 804 1269 845; x_wconf 91' lang='lat' dir='ltr'>timor</span> <span class='ocrx_word' id='word_1_55' title='bbox 1290 805 1368 845; x_wconf 92' lang='lat' dir='ltr'>ille</span> <span class='ocrx_word' id='word_1_56' title='bbox 1391 805 1479 846; x_wconf 87' lang='lat' dir='ltr'>fuit</span> 
     </span>
     <span class='ocr_line' id='line_1_9' title="bbox 160 873 1476 927; baseline 0.001 -13"><span class='ocrx_word' id='word_1_57' title='bbox 160 873 358 927; x_wconf 89' lang='lat' dir='ltr'>servilis,</span> <span class='ocrx_word' id='word_1_58' title='bbox 393 887 496 914; x_wconf 93' lang='lat' dir='ltr'>cum</span> <span class='ocrx_word' id='word_1_59' title='bbox 528 873 802 926; x_wconf 88' lang='lat' dir='ltr'>postposita</span> <span class='ocrx_word' id='word_1_60' title='bbox 831 874 996 926; x_wconf 84' lang='lat' dir='ltr'>regula</span> <span class='ocrx_word' id='word_1_61' title='bbox 1024 874 1280 927; x_wconf 87' lang='lat' dir='ltr'>potestatis</span> <span class='ocrx_word' id='word_1_62' title='bbox 1304 874 1476 922; x_wconf 79' lang='lat' dir='ltr'>divine,</span> 
     </span>
     <span class='ocr_line' id='line_1_10' title="bbox 159 943 1478 995; baseline 0 -10"><span class='ocrx_word' id='word_1_63' title='bbox 159 958 254 985; x_wconf 89' lang='lat' dir='ltr'>non</span> <span class='ocrx_word' id='word_1_64' title='bbox 297 943 450 984; x_wconf 80' lang='lat' dir='ltr'>timuit</span> <span class='ocrx_word' id='word_1_65' title='bbox 488 943 706 982; x_wconf 88' lang='lat' dir='ltr'>occidere</span> <span class='ocrx_word' id='word_1_66' title='bbox 749 943 1069 995; x_wconf 82' lang='lat' dir='ltr'>innocentem3</span> <span class='ocrx_word' id='word_1_67' title='bbox 1115 944 1478 985; x_wconf 79' lang='lat' dir='ltr'>excusacionem</span> 
     </span>
     <span class='ocr_line' id='line_1_11' title="bbox 108 1012 1477 1067; baseline 0.001 -14"><span class='ocrx_word' id='word_1_68' title='bbox 108 1033 146 1053; x_wconf 89' lang='lat'>10</span> <span class='ocrx_word' id='word_1_69' title='bbox 161 1019 313 1055; x_wconf 88' lang='lat' dir='ltr'>autem</span> <span class='ocrx_word' id='word_1_70' title='bbox 335 1026 431 1053; x_wconf 87' lang='lat' dir='ltr'>non</span> <span class='ocrx_word' id='word_1_71' title='bbox 451 1012 628 1064; x_wconf 81' lang='lat' dir='ltr'>habuit,</span> <span class='ocrx_word' id='word_1_72' title='bbox 664 1026 767 1053; x_wconf 91' lang='lat' dir='ltr'>cum</span> <span class='ocrx_word' id='word_1_73' title='bbox 795 1013 1006 1053; x_wconf 78' lang='lat' dir='ltr'>excessit</span> <span class='ocrx_word' id='word_1_74' title='bbox 1026 1018 1316 1066; x_wconf 88' lang='lat' dir='ltr'>potestatem</span> <span class='ocrx_word' id='word_1_75' title='bbox 1340 1028 1477 1067; x_wconf 90' lang='lat' dir='ltr'>quam</span> 
     </span>
     <span class='ocr_line' id='line_1_12' title="bbox 157 1082 1477 1136; baseline 0 -12"><span class='ocrx_word' id='word_1_76' title='bbox 157 1085 364 1124; x_wconf 89' lang='lat' dir='ltr'>habebat</span> <span class='ocrx_word' id='word_1_77' title='bbox 420 1096 445 1122; x_wconf 90' lang='lat' dir='ltr'>a</span> <span class='ocrx_word' id='word_1_78' title='bbox 501 1095 676 1134; x_wconf 87' lang='lat' dir='ltr'><em>cesare,</em></span> <span class='ocrx_word' id='word_1_79' title='bbox 748 1082 828 1136; x_wconf 88' lang='lat' dir='ltr'>qui</span> <span class='ocrx_word' id='word_1_80' title='bbox 880 1082 1040 1136; x_wconf 78' lang='lat' dir='ltr'>potuit</span> <span class='ocrx_word' id='word_1_81' title='bbox 1084 1084 1372 1136; x_wconf 87' lang='lat' dir='ltr'><em>pretendere</em></span> <span class='ocrx_word' id='word_1_82' title='bbox 1425 1097 1477 1124; x_wconf 92' lang='lat' dir='ltr'>se</span> 
     </span>
     <span class='ocr_line' id='line_1_13' title="bbox 160 1152 1478 1207; baseline 0 -13"><span class='ocrx_word' id='word_1_83' title='bbox 160 1155 271 1194; x_wconf 89' lang='lat' dir='ltr'><em>dare</em></span> <span class='ocrx_word' id='word_1_84' title='bbox 316 1158 604 1206; x_wconf 88' lang='lat' dir='ltr'>potestatem</span> <span class='ocrx_word' id='word_1_85' title='bbox 649 1152 898 1193; x_wconf 88' lang='lat' dir='ltr'>adversum</span> <span class='ocrx_word' id='word_1_86' title='bbox 941 1152 1208 1207; x_wconf 86' lang='lat' dir='ltr'>Dominum,</span> <span class='ocrx_word' id='word_1_87' title='bbox 1254 1153 1340 1194; x_wconf 85' lang='lat' dir='ltr'>sed</span> <span class='ocrx_word' id='word_1_88' title='bbox 1382 1167 1478 1194; x_wconf 86' lang='lat' dir='ltr'>non</span> 
     </span>
     <span class='ocr_line' id='line_1_14' title="bbox 157 1225 303 1265; baseline 0.007 -1"><span class='ocrx_word' id='word_1_89' title='bbox 157 1225 303 1265; x_wconf 78' lang='lat' dir='ltr'>Deus,</span> 
     </span>
     <span class='ocr_line' id='line_1_15' title="bbox 215 1291 1479 1347; baseline 0 -14"><span class='ocrx_word' id='word_1_90' title='bbox 215 1293 277 1333; x_wconf 89' lang='lat' dir='ltr'>Et</span> <span class='ocrx_word' id='word_1_91' title='bbox 309 1292 495 1332; x_wconf 85' lang='lat' dir='ltr'>videtur</span> <span class='ocrx_word' id='word_1_92' title='bbox 537 1291 648 1331; x_wconf 90' lang='lat' dir='ltr'>mihi</span> <span class='ocrx_word' id='word_1_93' title='bbox 691 1291 857 1345; x_wconf 88' lang='lat' dir='ltr'>quinto</span> <span class='ocrx_word' id='word_1_94' title='bbox 903 1293 1032 1345; x_wconf 86' lang='lat' dir='ltr'>quod</span> <span class='ocrx_word' id='word_1_95' title='bbox 1063 1292 1288 1347; x_wconf 85' lang='lat' dir='ltr'>magister</span> <span class='ocrx_word' id='word_1_96' title='bbox 1336 1293 1479 1334; x_wconf 88' lang='lat' dir='ltr'>docet</span> 
     </span>
     <span class='ocr_line' id='line_1_16' title="bbox 107 1361 1479 1416; baseline 0.001 -14"><span class='ocrx_word' id='word_1_97' title='bbox 107 1361 416 1403; x_wconf 82' lang='lat' dir='ltr'>15misterium</span> <span class='ocrx_word' id='word_1_98' title='bbox 448 1362 773 1415; x_wconf 88' lang='lat' dir='ltr'>metaphysice</span> <span class='ocrx_word' id='word_1_99' title='bbox 806 1375 894 1415; x_wconf 90' lang='lat' dir='ltr'>per</span> <span class='ocrx_word' id='word_1_100' title='bbox 925 1363 1031 1412; x_wconf 81' lang='lat' dir='ltr'>hoc,</span> <span class='ocrx_word' id='word_1_101' title='bbox 1065 1363 1194 1416; x_wconf 88' lang='lat' dir='ltr'>quod</span> <span class='ocrx_word' id='word_1_102' title='bbox 1239 1362 1351 1403; x_wconf 85' lang='lat' dir='ltr'>dicit</span> <span class='ocrx_word' id='word_1_103' title='bbox 1387 1364 1479 1404; x_wconf 76' lang='lat' dir='ltr'>nisi</span> 
     </span>
     <span class='ocr_line' id='line_1_17' title="bbox 159 1432 1477 1485; baseline 0.001 -13"><span class='ocrx_word' id='word_1_104' title='bbox 159 1433 320 1473; x_wconf 77' lang='lat' dir='ltr'><em>datum</em></span> <span class='ocrx_word' id='word_1_105' title='bbox 353 1435 463 1472; x_wconf 81' lang='lat' dir='ltr'>esset</span> <span class='ocrx_word' id='word_1_106' title='bbox 493 1432 573 1472; x_wconf 80' lang='lat' dir='ltr'><em>tihi</em></span> <span class='ocrx_word' id='word_1_107' title='bbox 601 1433 806 1484; x_wconf 74' lang='lat' dir='ltr'><em>desuper,</em></span> <span class='ocrx_word' id='word_1_108' title='bbox 851 1445 945 1472; x_wconf 90' lang='lat' dir='ltr'>non</span> <span class='ocrx_word' id='word_1_109' title='bbox 989 1433 1140 1472; x_wconf 90' lang='lat' dir='ltr'>solum</span> <span class='ocrx_word' id='word_1_110' title='bbox 1179 1433 1308 1485; x_wconf 88' lang='lat' dir='ltr'>quod</span> <span class='ocrx_word' id='word_1_111' title='bbox 1347 1446 1477 1473; x_wconf 81' lang='lat' dir='ltr'><strong>cesar</strong></span> 
     </span>
     <span class='ocr_line' id='line_1_18' title="bbox 159 1501 1477 1555; baseline 0.002 -14"><span class='ocrx_word' id='word_1_112' title='bbox 159 1514 254 1541; x_wconf 88' lang='lat' dir='ltr'>non</span> <span class='ocrx_word' id='word_1_113' title='bbox 298 1501 379 1541; x_wconf 88' lang='lat' dir='ltr'>dat</span> <span class='ocrx_word' id='word_1_114' title='bbox 422 1501 511 1542; x_wconf 86' lang='lat' dir='ltr'>nisi</span> <span class='ocrx_word' id='word_1_115' title='bbox 540 1502 675 1542; x_wconf 89' lang='lat' dir='ltr'>Deus</span> <span class='ocrx_word' id='word_1_116' title='bbox 718 1501 849 1555; x_wconf 87' lang='lat' dir='ltr'>prius</span> <span class='ocrx_word' id='word_1_117' title='bbox 895 1502 1093 1552; x_wconf 75' lang='lat' dir='ltr'>dederit,</span> <span class='ocrx_word' id='word_1_118' title='bbox 1132 1516 1297 1542; x_wconf 85' lang='lat' dir='ltr'>verum</span> <span class='ocrx_word' id='word_1_119' title='bbox 1331 1503 1477 1543; x_wconf 91' lang='lat' dir='ltr'>eciam</span> 
     </span>
     <span class='ocr_line' id='line_1_19' title="bbox 161 1571 1477 1626; baseline 0.002 -15"><span class='ocrx_word' id='word_1_120' title='bbox 161 1571 290 1624; x_wconf 86' lang='lat' dir='ltr'>quod</span> <span class='ocrx_word' id='word_1_121' title='bbox 334 1576 554 1624; x_wconf 89' lang='lat' dir='ltr'>potestas</span> <span class='ocrx_word' id='word_1_122' title='bbox 607 1584 703 1612; x_wconf 88' lang='lat' dir='ltr'>non</span> <span class='ocrx_word' id='word_1_123' title='bbox 748 1576 822 1612; x_wconf 88' lang='lat' dir='ltr'>est</span> <span class='ocrx_word' id='word_1_124' title='bbox 865 1571 978 1625; x_wconf 87' lang='lat' dir='ltr'>quid</span> <span class='ocrx_word' id='word_1_125' title='bbox 1017 1572 1297 1625; x_wconf 89' lang='lat' dir='ltr'>absolutum,</span> <span class='ocrx_word' id='word_1_126' title='bbox 1347 1574 1477 1626; x_wconf 89' lang='lat' dir='ltr'>quod</span> 
     </span>
     <span class='ocr_line' id='line_1_20' title="bbox 159 1640 1478 1695; baseline 0.002 -14"><span class='ocrx_word' id='word_1_127' title='bbox 159 1646 329 1695; x_wconf 88' lang='lat' dir='ltr'>posset</span> <span class='ocrx_word' id='word_1_128' title='bbox 358 1654 446 1694; x_wconf 90' lang='lat' dir='ltr'>per</span> <span class='ocrx_word' id='word_1_129' title='bbox 478 1653 530 1680; x_wconf 88' lang='lat' dir='ltr'>se</span> <span class='ocrx_word' id='word_1_130' title='bbox 564 1640 787 1687; x_wconf 75' lang='lat' dir='ltr'>existere,</span> <span class='ocrx_word' id='word_1_131' title='bbox 821 1642 906 1681; x_wconf 88' lang='lat' dir='ltr'>sed</span> <span class='ocrx_word' id='word_1_132' title='bbox 936 1646 1153 1694; x_wconf 88' lang='lat' dir='ltr'>potestas</span> <span class='ocrx_word' id='word_1_133' title='bbox 1188 1641 1357 1684; x_wconf 90' lang='lat' dir='ltr'>dicitur</span> <span class='ocrx_word' id='word_1_134' title='bbox 1379 1643 1478 1683; x_wconf 88' lang='lat' dir='ltr'>dari</span> 
     </span>
     <span class='ocr_line' id='line_1_21' title="bbox 104 1711 1478 1765; baseline 0.001 -14"><span class='ocrx_word' id='word_1_135' title='bbox 104 1727 146 1750; x_wconf 93' lang='lat'>20</span> <span class='ocrx_word' id='word_1_136' title='bbox 161 1712 218 1751; x_wconf 89' lang='lat' dir='ltr'>ab</span> <span class='ocrx_word' id='word_1_137' title='bbox 252 1716 430 1763; x_wconf 88' lang='lat' dir='ltr'>autore,</span> <span class='ocrx_word' id='word_1_138' title='bbox 464 1711 651 1764; x_wconf 88' lang='lat' dir='ltr'>quando</span> <span class='ocrx_word' id='word_1_139' title='bbox 686 1711 843 1750; x_wconf 86' lang='lat' dir='ltr'>datum</span> <span class='ocrx_word' id='word_1_140' title='bbox 877 1716 950 1752; x_wconf 88' lang='lat' dir='ltr'>est</span> <span class='ocrx_word' id='word_1_141' title='bbox 981 1724 1006 1751; x_wconf 92' lang='lat' dir='ltr'>a</span> <span class='ocrx_word' id='word_1_142' title='bbox 1026 1712 1134 1751; x_wconf 91' lang='lat' dir='ltr'>Deo</span> <span class='ocrx_word' id='word_1_143' title='bbox 1164 1717 1392 1765; x_wconf 77' lang='lat' dir='ltr'><em>creature,</em></span> <span class='ocrx_word' id='word_1_144' title='bbox 1426 1718 1478 1754; x_wconf 94' lang='lat' dir='ltr'>ut</span> 
     </span>
     <span class='ocr_line' id='line_1_22' title="bbox 160 1779 1478 1833; baseline 0 -11"><span class='ocrx_word' id='word_1_145' title='bbox 160 1780 371 1822; x_wconf 85' lang='lat' dir='ltr'>ministro</span> <span class='ocrx_word' id='word_1_146' title='bbox 396 1780 499 1832; x_wconf 88' lang='lat' dir='ltr'>Dei,</span> <span class='ocrx_word' id='word_1_147' title='bbox 533 1780 661 1833; x_wconf 88' lang='lat' dir='ltr'>quod</span> <span class='ocrx_word' id='word_1_148' title='bbox 693 1779 761 1820; x_wconf 89' lang='lat' dir='ltr'>sic</span> <span class='ocrx_word' id='word_1_149' title='bbox 785 1785 864 1820; x_wconf 92' lang='lat' dir='ltr'>aut</span> <span class='ocrx_word' id='word_1_150' title='bbox 895 1781 962 1821; x_wconf 92' lang='lat' dir='ltr'>sic</span> <span class='ocrx_word' id='word_1_151' title='bbox 995 1780 1199 1821; x_wconf 86' lang='lat' dir='ltr'>sufficiat</span> <span class='ocrx_word' id='word_1_152' title='bbox 1229 1781 1387 1822; x_wconf 80' lang='lat' dir='ltr'><em>facere</em></span> <span class='ocrx_word' id='word_1_153' title='bbox 1421 1783 1478 1822; x_wconf 88' lang='lat' dir='ltr'>ad</span> 
     </span>
     <span class='ocr_line' id='line_1_23' title="bbox 160 1849 1476 1904; baseline 0.002 -15"><span class='ocrx_word' id='word_1_154' title='bbox 160 1850 391 1904; x_wconf 91' lang='lat' dir='ltr'>populum</span> <span class='ocrx_word' id='word_1_155' title='bbox 421 1850 469 1890; x_wconf 89' lang='lat' dir='ltr'>in</span> <span class='ocrx_word' id='word_1_156' title='bbox 500 1849 593 1890; x_wconf 91' lang='lat' dir='ltr'>Dei</span> <span class='ocrx_word' id='word_1_157' title='bbox 624 1849 813 1890; x_wconf 89' lang='lat' dir='ltr'>nomine</span> <span class='ocrx_word' id='word_1_158' title='bbox 844 1851 1165 1903; x_wconf 83' lang='lat' dir='ltr'>regulandum,</span> <span class='ocrx_word' id='word_1_159' title='bbox 1199 1857 1247 1891; x_wconf 91' lang='lat' dir='ltr'>et</span> <span class='ocrx_word' id='word_1_160' title='bbox 1280 1852 1476 1892; x_wconf 87' lang='lat' dir='ltr'><em>credere</em></span> 
     </span>
    </p>
   </div>
   <div class='ocr_carea' id='block_1_3' title="bbox 1713 288 1759 313">
    <p class='ocr_par' dir='ltr' id='par_1_3' title="bbox 1713 288 1759 313">
     <span class='ocr_line' id='line_1_24' title="bbox 1713 288 1759 313; baseline 0 0"><span class='ocrx_word' id='word_1_161' title='bbox 1713 288 1759 313; x_wconf 89' lang='lat'>21</span> 
     </span>
    </p>
   </div>
   <div class='ocr_carea' id='block_1_4' title="bbox 1493 1163 1764 1367">
    <p class='ocr_par' dir='ltr' id='par_1_4' title="bbox 1493 1163 1764 1367">
     <span class='ocr_line' id='line_1_25' title="bbox 1517 1163 1745 1190; baseline 0.004 -1"><span class='ocrx_word' id='word_1_162' title='bbox 1517 1163 1624 1190; x_wconf 79' lang='lat' dir='ltr'>Power</span> <span class='ocrx_word' id='word_1_163' title='bbox 1644 1164 1671 1190; x_wconf 89' lang='lat' dir='ltr'>is</span> <span class='ocrx_word' id='word_1_164' title='bbox 1692 1168 1745 1190; x_wconf 88' lang='lat' dir='ltr'>not</span> 
     </span>
     <span class='ocr_line' id='line_1_26' title="bbox 1511 1198 1756 1225; baseline 0 0"><span class='ocrx_word' id='word_1_165' title='bbox 1511 1207 1526 1225; x_wconf 84' lang='lat' dir='ltr'><em>a</em></span> <span class='ocrx_word' id='word_1_166' title='bbox 1549 1199 1607 1225; x_wconf 67' lang='lat' dir='ltr'>sels</span> <span class='ocrx_word' id='word_1_167' title='bbox 1625 1198 1756 1225; x_wconf 80' lang='lat' dir='ltr'>existent</span> 
     </span>
     <span class='ocr_line' id='line_1_27' title="bbox 1527 1234 1734 1269; baseline -0.01 -7"><span class='ocrx_word' id='word_1_168' title='bbox 1527 1234 1623 1269; x_wconf 77' lang='lat' dir='ltr'>thing,</span> <span class='ocrx_word' id='word_1_169' title='bbox 1647 1236 1698 1261; x_wconf 82' lang='lat' dir='ltr'>but</span> <span class='ocrx_word' id='word_1_170' title='bbox 1718 1242 1734 1260; x_wconf 81' lang='lat' dir='ltr'>a</span> 
     </span>
     <span class='ocr_line' id='line_1_28' title="bbox 1544 1274 1718 1304; baseline -0.006 -8"><span class='ocrx_word' id='word_1_171' title='bbox 1544 1274 1632 1304; x_wconf 76' lang='lat' dir='ltr'>grant</span> <span class='ocrx_word' id='word_1_172' title='bbox 1650 1275 1681 1295; x_wconf 85' lang='lat' dir='ltr'>to</span> <span class='ocrx_word' id='word_1_173' title='bbox 1702 1277 1718 1295; x_wconf 83' lang='lat' dir='ltr'>a</span> 
     </span>
     <span class='ocr_line' id='line_1_29' title="bbox 1502 1307 1758 1331; baseline -0.004 0"><span class='ocrx_word' id='word_1_174' title='bbox 1502 1309 1641 1331; x_wconf 84' lang='lat' dir='ltr'>creature</span> <span class='ocrx_word' id='word_1_175' title='bbox 1659 1308 1690 1330; x_wconf 82' lang='lat' dir='ltr'>to</span> <span class='ocrx_word' id='word_1_176' title='bbox 1711 1307 1758 1330; x_wconf 82' lang='lat' dir='ltr'>act</span> 
     </span>
     <span class='ocr_line' id='line_1_30' title="bbox 1493 1339 1764 1367; baseline -0.004 -1"><span class='ocrx_word' id='word_1_177' title='bbox 1493 1339 1521 1366; x_wconf 84' lang='lat' dir='ltr'>in</span> <span class='ocrx_word' id='word_1_178' title='bbox 1545 1339 1643 1367; x_wconf 75' lang='lat' dir='ltr'>God‘s</span> <span class='ocrx_word' id='word_1_179' title='bbox 1664 1346 1764 1366; x_wconf 80' lang='lat' dir='ltr'>name.</span> 
     </span>
    </p>
   </div>
   <div class='ocr_carea' id='block_1_5' title="bbox 39 1919 1496 1974">
    <p class='ocr_par' dir='ltr' id='par_1_5' title="bbox 39 1919 1496 1974">
     <span class='ocr_line' id='line_1_31' title="bbox 39 1919 1496 1974; baseline 0.002 -15"><span class='ocrx_word' id='word_1_180' title='bbox 39 1926 116 1960; x_wconf 65' lang='lat' dir='ltr'>1663b</span> <span class='ocrx_word' id='word_1_181' title='bbox 162 1920 292 1974; x_wconf 88' lang='lat' dir='ltr'>quod</span> <span class='ocrx_word' id='word_1_182' title='bbox 321 1921 413 1960; x_wconf 92' lang='lat' dir='ltr'>hoc</span> <span class='ocrx_word' id='word_1_183' title='bbox 445 1919 506 1961; x_wconf 91' lang='lat' dir='ltr'>sit</span> <span class='ocrx_word' id='word_1_184' title='bbox 535 1933 613 1960; x_wconf 88' lang='lat' dir='ltr'>res</span> <span class='ocrx_word' id='word_1_185' title='bbox 647 1933 739 1973; x_wconf 89' lang='lat' dir='ltr'>que</span> <span class='ocrx_word' id='word_1_186' title='bbox 770 1926 936 1973; x_wconf 87' lang='lat' dir='ltr'>posset</span> <span class='ocrx_word' id='word_1_187' title='bbox 962 1922 967 1973; x_wconf 80' lang='grc' dir='ltr'>Ι</span> <span class='ocrx_word' id='word_1_188' title='bbox 995 1934 1082 1974; x_wconf 88' lang='lat' dir='ltr'>per</span> <span class='ocrx_word' id='word_1_189' title='bbox 1125 1934 1177 1961; x_wconf 91' lang='lat' dir='ltr'>se</span> <span class='ocrx_word' id='word_1_190' title='bbox 1217 1934 1323 1962; x_wconf 90' lang='lat' dir='ltr'>esse</span> <span class='ocrx_word' id='word_1_191' title='bbox 1354 1921 1496 1962; x_wconf 83' lang='lat' dir='ltr'>foret</span> 
     </span>
    </p>
   </div>
   <div class='ocr_carea' id='block_1_6' title="bbox 105 1989 1481 2533">
    <p class='ocr_par' dir='ltr' id='par_1_6' title="bbox 160 1989 1477 2045">
     <span class='ocr_line' id='line_1_32' title="bbox 160 1989 1477 2045; baseline 0.002 -15"><span class='ocrx_word' id='word_1_192' title='bbox 160 1989 296 2030; x_wconf 89' lang='lat' dir='ltr'>nimis</span> <span class='ocrx_word' id='word_1_193' title='bbox 327 2003 499 2043; x_wconf 85' lang='lat' dir='ltr'>magna</span> <span class='ocrx_word' id='word_1_194' title='bbox 530 1989 752 2039; x_wconf 78' lang='lat' dir='ltr'>stulticia3</span> <span class='ocrx_word' id='word_1_195' title='bbox 788 1995 837 2031; x_wconf 90' lang='lat' dir='ltr'>et</span> <span class='ocrx_word' id='word_1_196' title='bbox 867 1990 935 2030; x_wconf 93' lang='lat' dir='ltr'>sic</span> <span class='ocrx_word' id='word_1_197' title='bbox 956 2004 1044 2044; x_wconf 89' lang='lat' dir='ltr'>per</span> <span class='ocrx_word' id='word_1_198' title='bbox 1064 1991 1156 2031; x_wconf 87' lang='lat' dir='ltr'>hoc</span> <span class='ocrx_word' id='word_1_199' title='bbox 1174 1991 1477 2045; x_wconf 80' lang='lat' dir='ltr'>participium</span> 
     </span>
    </p>

    <p class='ocr_par' dir='ltr' id='par_1_7' title="bbox 105 2059 1481 2394">
     <span class='ocr_line' id='line_1_33' title="bbox 105 2059 1477 2115; baseline 0.002 -16"><span class='ocrx_word' id='word_1_200' title='bbox 105 2066 380 2101; x_wconf 82' lang='lat' dir='ltr'>25neutrum</span> <span class='ocrx_word' id='word_1_201' title='bbox 441 2061 602 2100; x_wconf 75' lang='lat' dir='ltr'><em>datum</em></span> <span class='ocrx_word' id='word_1_202' title='bbox 668 2059 1009 2101; x_wconf 84' lang='lat' dir='ltr'>convenienter</span> <span class='ocrx_word' id='word_1_203' title='bbox 1068 2061 1345 2115; x_wconf 83' lang='lat' dir='ltr'>exprimitur</span> <span class='ocrx_word' id='word_1_204' title='bbox 1400 2075 1477 2102; x_wconf 88' lang='lat' dir='ltr'>res</span> 
     </span>
     <span class='ocr_line' id='line_1_34' title="bbox 161 2130 1479 2184; baseline 0 -12"><span class='ocrx_word' id='word_1_205' title='bbox 161 2130 298 2172; x_wconf 85' lang='lat' dir='ltr'>Verbi</span> <span class='ocrx_word' id='word_1_206' title='bbox 321 2130 629 2183; x_wconf 80' lang='lat' dir='ltr'>exprimenda</span> <span class='ocrx_word' id='word_1_207' title='bbox 658 2144 748 2184; x_wconf 90' lang='lat' dir='ltr'>per</span> <span class='ocrx_word' id='word_1_208' title='bbox 780 2131 1096 2184; x_wconf 77' lang='lat' dir='ltr'>complexum,</span> <span class='ocrx_word' id='word_1_209' title='bbox 1124 2137 1176 2172; x_wconf 91' lang='lat' dir='ltr'>ut</span> <span class='ocrx_word' id='word_1_210' title='bbox 1199 2144 1479 2172; x_wconf 87' lang='lat' dir='ltr'>concessum</span> 
     </span>
     <span class='ocr_line' id='line_1_35' title="bbox 163 2200 1479 2256; baseline 0.001 -15"><span class='ocrx_word' id='word_1_211' title='bbox 163 2206 237 2241; x_wconf 91' lang='lat' dir='ltr'>est</span> <span class='ocrx_word' id='word_1_212' title='bbox 280 2206 509 2253; x_wconf 77' lang='lat' dir='ltr'><em>creature,</em></span> <span class='ocrx_word' id='word_1_213' title='bbox 555 2201 683 2254; x_wconf 88' lang='lat' dir='ltr'>quod</span> <span class='ocrx_word' id='word_1_214' title='bbox 725 2200 958 2256; x_wconf 84' lang='lat' dir='ltr'>legittime</span> <span class='ocrx_word' id='word_1_215' title='bbox 1001 2201 1154 2254; x_wconf 83' lang='lat' dir='ltr'>possit</span> <span class='ocrx_word' id='word_1_216' title='bbox 1200 2201 1248 2242; x_wconf 90' lang='lat' dir='ltr'>in</span> <span class='ocrx_word' id='word_1_217' title='bbox 1290 2201 1479 2242; x_wconf 90' lang='lat' dir='ltr'>nomine</span> 
     </span>
     <span class='ocr_line' id='line_1_36' title="bbox 160 2269 1479 2324; baseline 0.001 -13"><span class='ocrx_word' id='word_1_218' title='bbox 160 2269 352 2311; x_wconf 89' lang='lat' dir='ltr'>Domini</span> <span class='ocrx_word' id='word_1_219' title='bbox 393 2270 626 2323; x_wconf 79' lang='lat' dir='ltr'><em>regulare,</em></span> <span class='ocrx_word' id='word_1_220' title='bbox 673 2275 720 2310; x_wconf 92' lang='lat' dir='ltr'>et</span> <span class='ocrx_word' id='word_1_221' title='bbox 761 2270 841 2310; x_wconf 90' lang='lat' dir='ltr'>illa</span> <span class='ocrx_word' id='word_1_222' title='bbox 884 2270 1082 2311; x_wconf 90' lang='lat' dir='ltr'>licencia</span> <span class='ocrx_word' id='word_1_223' title='bbox 1135 2276 1208 2311; x_wconf 88' lang='lat' dir='ltr'>est</span> <span class='ocrx_word' id='word_1_224' title='bbox 1252 2277 1479 2324; x_wconf 89' lang='lat' dir='ltr'>potestas,</span> 
     </span>
     <span class='ocr_line' id='line_1_37' title="bbox 164 2340 1481 2394; baseline 0.002 -15"><span class='ocrx_word' id='word_1_225' title='bbox 164 2353 301 2393; x_wconf 91' lang='lat' dir='ltr'>quam</span> <span class='ocrx_word' id='word_1_226' title='bbox 326 2340 460 2380; x_wconf 91' lang='lat' dir='ltr'>Deus</span> <span class='ocrx_word' id='word_1_227' title='bbox 492 2353 617 2380; x_wconf 88' lang='lat' dir='ltr'>nunc</span> <span class='ocrx_word' id='word_1_228' title='bbox 650 2341 729 2380; x_wconf 89' lang='lat' dir='ltr'>dat</span> <span class='ocrx_word' id='word_1_229' title='bbox 759 2340 1027 2381; x_wconf 88' lang='lat' dir='ltr'>immediate</span> <span class='ocrx_word' id='word_1_230' title='bbox 1059 2354 1146 2394; x_wconf 88' lang='lat' dir='ltr'>per</span> <span class='ocrx_word' id='word_1_231' title='bbox 1178 2354 1244 2393; x_wconf 89' lang='lat' dir='ltr'>se,</span> <span class='ocrx_word' id='word_1_232' title='bbox 1279 2348 1325 2381; x_wconf 93' lang='lat' dir='ltr'>et</span> <span class='ocrx_word' id='word_1_233' title='bbox 1356 2355 1481 2381; x_wconf 88' lang='lat' dir='ltr'>nunc</span> 
     </span>
    </p>

    <p class='ocr_par' dir='ltr' id='par_1_8' title="bbox 108 2410 1481 2533">
     <span class='ocr_line' id='line_1_38' title="bbox 108 2410 1481 2463; baseline 0 -12"><span class='ocrx_word' id='word_1_234' title='bbox 108 2419 149 2452; x_wconf 81' lang='lat'>30</span> <span class='ocrx_word' id='word_1_235' title='bbox 162 2423 250 2463; x_wconf 90' lang='lat' dir='ltr'>per</span> <span class='ocrx_word' id='word_1_236' title='bbox 298 2411 634 2451; x_wconf 83' lang='lat' dir='ltr'>sacramentale</span> <span class='ocrx_word' id='word_1_237' title='bbox 685 2410 993 2459; x_wconf 87' lang='lat' dir='ltr'>ministerium</span> <span class='ocrx_word' id='word_1_238' title='bbox 1045 2411 1103 2451; x_wconf 86' lang='lat' dir='ltr'>ad</span> <span class='ocrx_word' id='word_1_239' title='bbox 1146 2410 1481 2452; x_wconf 86' lang='lat' dir='ltr'>notificandum</span> 
     </span>
     <span class='ocr_line' id='line_1_39' title="bbox 163 2479 756 2533; baseline 0.002 -13"><span class='ocrx_word' id='word_1_240' title='bbox 163 2480 345 2533; x_wconf 89' lang='lat' dir='ltr'>populo</span> <span class='ocrx_word' id='word_1_241' title='bbox 377 2479 471 2520; x_wconf 92' lang='lat' dir='ltr'>Dei</span> <span class='ocrx_word' id='word_1_242' title='bbox 499 2479 756 2521; x_wconf 86' lang='lat' dir='ltr'>licenciam.</span> 
     </span>
    </p>
   </div>
   <div class='ocr_carea' id='block_1_7' title="bbox 237 2662 1098 2699">
    <p class='ocr_par' dir='ltr' id='par_1_9' title="bbox 237 2662 1098 2699">
     <span class='ocr_line' id='line_1_40' title="bbox 237 2662 1098 2699; baseline 0.002 -11"><span class='ocrx_word' id='word_1_243' title='bbox 237 2670 263 2698; x_wconf 93' lang='lat'>7.</span> <span class='ocrx_word' id='word_1_244' title='bbox 285 2662 338 2689; x_wconf 84' lang='lat' dir='ltr'>AB</span> <span class='ocrx_word' id='word_1_245' title='bbox 360 2662 389 2689; x_wconf 91' lang='lat' dir='ltr'>in</span> <span class='ocrx_word' id='word_1_246' title='bbox 412 2670 525 2699; x_wconf 60' lang='lat' dir='ltr'>marg:</span> <span class='ocrx_word' id='word_1_247' title='bbox 550 2662 690 2691; x_wconf 79' lang='lat' dir='ltr'>Potestas</span> <span class='ocrx_word' id='word_1_248' title='bbox 710 2664 861 2699; x_wconf 83' lang='lat' dir='ltr'>quomodo</span> <span class='ocrx_word' id='word_1_249' title='bbox 883 2663 997 2692; x_wconf 82' lang='lat' dir='ltr'><em>dicitur</em></span> <span class='ocrx_word' id='word_1_250' title='bbox 1017 2663 1098 2691; x_wconf 85' lang='lat' dir='ltr'><em>dari.</em></span> 
     </span>
    </p>
   </div>
  </div>
 </body>
</html>
