2078 3338
257 253 332 280 11⁴2

293 1130 375 1160 *One
397 1138 477 1165 pope

289 1166 417 1193 revokes
438 1165 489 1192 the

308 1200 431 1227 decrees
452 1199 486 1226 of

319 1234 458 1262 another.

252 1975 265 2003 I
288 1976 393 2004 would
416 1978 519 2004 rather

254 2011 316 2047 rely
337 2019 376 2038 on
392 2012 441 2039 the
461 2012 530 2039 four

265 2050 351 2080 great
372 2048 510 2074 doctors.

975 251 1198 284 JOHANNJS
1226 250 1412 282 WYCLIF
1679 239 1785 293 [CAP.
1806 247 1859 274 VI.

542 359 640 408 isto,
673 361 713 398 et
743 359 784 399 si
815 358 916 410 quis
947 358 1217 398 diminuerit
1249 358 1302 397 de
1332 357 1477 397 verbis
1497 357 1603 396 libri
1618 357 1862 410 prophecie

542 430 690 478 huius,
722 426 899 480 auferet
915 427 1039 469 Deus
1068 430 1249 480 partem
1283 428 1379 468 eius
1410 428 1464 467 de
1495 427 1608 467 libro
1644 428 1727 467 vite
1749 430 1788 467 et
1809 429 1862 469 de

541 499 719 540 civitate
761 501 932 539 sancta.
993 496 1047 537 In
1092 497 1243 538 veteri
1293 510 1407 537 vero
1459 502 1742 539 testamento
1789 503 1863 538 est

541 568 668 609 aliud
700 569 879 622 duplex
911 567 1250 608 testimonium:
1284 566 1435 620 primo
1467 567 1695 608 Deutero.
1723 567 1805 620 IV,
1839 583 1859 609 2

542 652 629 692 per
661 643 875 679 sanctum
907 637 1114 691 Moysen
1144 638 1279 678 Deus
1302 638 1508 691 precipit
1541 637 1722 678 Israeli:
1762 638 1896 680 Nom

544 709 720 749 addetis
751 710 813 748 ad
845 710 1029 749 verbnm
1061 710 1180 761 quod
1212 709 1332 749 vobis
1363 710 1521 761 loquor
1558 721 1693 760 neque
1731 709 1861 761 alife-

542 779 652 820 retis
683 791 733 820 ex
764 791 825 821 eo,
858 777 920 818 Et
944 778 1176 819 Proverb.
1199 778 1356 819 XXX
1389 778 1510 819 dixit
1541 779 1613 819 vir
1643 790 1746 819 etim
1778 791 1862 831 qno

542 849 668 889 Deus
699 852 761 889 est
793 861 845 889 ne
889 850 1039 889 addas
1066 850 1070 901 1
1098 850 1340 901 quicquam
1375 849 1518 889 verbis
1556 849 1680 889 illius
1712 852 1749 889 et
1780 861 1861 889 ar-
1907 855 1968 887 188

538 920 706 972 gnaris
743 923 782 959 et
820 919 1072 959 inveniaris
1095 920 1318 971 'mendam
1374 917 1489 959 Cum
1526 917 1672 971 igitur
1714 917 1864 958 nostri

542 1002 638 1029 non
675 988 880 1029 doceant
917 988 1045 1042 quod
1081 989 1157 1029 lzec
1201 989 1309 1029 dicit
1338 988 1580 1038 Dominus,
1630 987 1746 1029 illud
1796 987 1862 1028 vi·
1885 1006 1923 1026 10

544 1058 737 1099 deretur
775 1058 910 1099 nimis
948 1071 1119 1112 magna
1155 1058 1425 1112 presumcio
1463 1058 1707 1112 parificare
1740 1057 1865 1098 dicta

542 1128 621 1169 illa
650 1128 749 1182 legi
780 1128 1033 1181 scripture.
1065 1128 1121 1169 In
1154 1127 1284 1168 cuius
1315 1127 1722 1169 confirmacionem
1744 1141 1864 1168 unus

543 1211 668 1251 papa
698 1203 906 1250 revocat,
939 1198 1191 1251 suspendit
1212 1198 1290 1238 vel
1323 1199 1525 1251 abrogat
1558 1197 1784 1251 epistolas
1818 1203 1866 1238 et

542 1268 694 1308 bullas
727 1267 934 1319 alterius,
969 1268 1056 1308 sed
1088 1267 1211 1309 facta
1244 1280 1328 1308 sua
1359 1267 1587 1310 falsificat.
1638 1267 1754 1307 Ideo
1787 1267 1866 1307 vel

544 1343 736 1391 oportet
757 1336 1004 1378 falsificare
1026 1342 1174 1378 totam
1195 1337 1337 1378 fidem
1353 1337 1586 1390 scripture
1601 1337 1679 1377 vel
1702 1350 1865 1377 omnes
1885 1345 1922 1378 15

544 1412 757 1461 satrapas
812 1412 1070 1461 sequentes
1121 1407 1169 1447 in
1222 1407 1502 1448 auctoritate
1553 1412 1865 1460 postponere.

545 1477 653 1517 Hoc
696 1482 853 1518 tamen
896 1490 1021 1530 papa
1064 1477 1210 1519 habet
1250 1490 1338 1529 pre
1370 1476 1485 1528 aliis,
1532 1476 1661 1530 quod
1692 1476 1783 1517 sibi
1814 1482 1866 1517 ut

545 1560 670 1600 pape
703 1546 810 1599 plus
845 1546 974 1587 credi
1013 1546 1159 1586 debet
1190 1551 1390 1599 propter
1421 1546 1519 1587 vite
1554 1545 1864 1597 sanctitatem,

546 1629 649 1656 cum
694 1616 839 1656 debet
881 1621 933 1657 ut
978 1616 1046 1656 sic
1098 1615 1388 1656 conformius
1434 1615 1569 1669 sequi
1611 1614 1863 1668 Christum7

546 1688 672 1739 quod
706 1686 745 1726 si
776 1685 1023 1726 manifeste
1063 1685 1267 1726 declinat
1291 1686 1347 1725 ab
1379 1686 1466 1725 hac
1499 1685 1677 1738 semita,
1710 1685 1865 1726 nullus
1883 1703 1924 1723 20

547 1762 621 1797 est
659 1755 938 1805 simulacior‚
978 1754 1250 1796 mendacior
1289 1760 1337 1795 et
1375 1755 1603 1809 quidquid
1640 1760 1753 1795 tunc
1791 1755 1864 1795 lo-

548 1832 684 1868 cutus
730 1825 873 1866 fuerit
907 1826 966 1866 de
993 1824 1240 1866 mendacio
1276 1826 1385 1878 plus
1431 1830 1697 1878 suspectus.
1748 1824 1865 1865 Ideo

543 1895 668 1936 absit
710 1895 849 1936 michi
903 1896 1010 1948 plus
1062 1896 1257 1935 credere
1314 1894 1591 1948 cuicumque
1646 1894 1865 1935 Romano

544 1964 772 2019 pontifici,
819 1979 957 2019 quam
1001 1970 1202 2018 quatuor
1245 1965 1421 2006 sanctis
1468 1963 1745 2005 doctoribus
1789 1965 1865 2004 vel

546 2035 612 2075 eis
635 2034 875 2088 similibus,
898 2034 1049 2088 primo
1074 2035 1182 2089 quia
1204 2034 1327 2075 facta
1350 2040 1398 2075 et
1420 2034 1596 2088 scripta
1618 2035 1865 2075 multorum
1882 2041 1922 2072 25

544 2118 771 2158 paparum
817 2105 922 2158 plus
966 2103 1241 2145 discordant
1285 2118 1309 2144 a
1352 2105 1461 2158 lege
1497 2103 1608 2154 Dei3
1654 2104 1864 2144 secundo

547 2174 654 2228 quia
697 2188 791 2214 non
836 2174 1066 2214 debemus
1112 2174 1307 2214 credere
1340 2172 1502 2215 verbis
1538 2173 1740 2214 hominis
1774 2173 1867 2213 nisi

548 2244 606 2283 de
639 2248 814 2297 quanto
849 2243 1078 2285 debemus
1111 2245 1306 2285 credere
1352 2244 1479 2297 quod
1509 2242 1659 2296 prima
1691 2242 1867 2283 veritas

544 2313 591 2353 in
633 2313 740 2366 ipso
785 2312 1005 2366 loquitur.
1055 2313 1196 2354 Fides
1235 2313 1423 2367 inquam
1465 2318 1551 2364 est,
1590 2312 1628 2353 si
1661 2312 1774 2366 quid
1807 2312 1867 2352 sit

545 2382 733 2434 veritas,
767 2383 965 2422 verbum
987 2382 1179 2423 Domini
1200 2383 1353 2436 ipsam
1381 2382 1601 2436 loquitur,
1633 2381 1866 2423 libencius
1884 2389 1925 2420 30

547 2458 700 2493 autem
738 2451 946 2505 loquitur
984 2451 1223 2506 sapiencia
1261 2452 1307 2492 in
1344 2452 1470 2493 iusto
1505 2451 1594 2492 sibi
1625 2451 1865 2504 benivolo,

546 2535 684 2575 quam
714 2520 762 2561 in
793 2521 1019 2562 mendace
1044 2521 1132 2563 sibi
1167 2522 1414 2563 contrario.
1447 2521 1615 2562 Tercio
1640 2520 1747 2575 quia
1786 2520 1866 2561 cri-

546 2592 756 2632 minosus
788 2591 1013 2632 mentitur
1051 2591 1276 2646 quicquid
1308 2591 1495 2645 dixerit,
1534 2604 1629 2632 non
1669 2590 1864 2631 auctori-

619 2789 646 2817 5.
668 2789 706 2818 B:
723 2788 872 2824 precepit.
948 2796 992 2823 17.
1021 2788 1074 2817 AB
1100 2788 1131 2816 in
1158 2795 1276 2824 marg:
1302 2787 1435 2816 Credere
1456 2795 1550 2823 pape.

619 2882 649 2913 7.
676 2872 775 2905 Prov.
802 2872 905 2915 XXX,
937 2882 963 2911 1,
989 2871 1020 2905 6.
