2078 3338
251 277 270 316 7
281 277 300 304 2
972 274 1196 306 JOHANNIS
1222 273 1409 305 WYCLIF
1664 257 1771 314 [effla
1801 268 1851 296 ιν.

538 392 743 432 sequens
775 391 898 418 nunc
932 377 1193 431 eligibilior.
1229 376 1327 419 Sed
1361 376 1592 431 cupiditas
1626 382 1673 416 et
1705 377 1854 417 fastus

538 448 750 497 obviant;
817 447 986 487 dicitur
1050 447 1169 487 enim
1223 447 1351 500 quod
1413 446 1563 487 nostri
1621 447 1854 486 electores

538 518 811 559 discernunt
842 517 1008 557 melius
1043 516 1163 556 sicut
1194 515 1418 569 apostoli;
1463 530 1553 556 nec
1584 516 1702 556 tales
1734 515 1854 555 blas-

535 587 700 627 femias
734 587 877 626 credo
912 598 1093 626 cessare
1116 590 1366 638 antequam
1396 589 1545 625 status
1566 585 1855 637 prelatorum

538 658 630 698 sint
651 662 831 697 tantum
861 655 1105 696 extenuati
1126 670 1153 695 a
1182 654 1428 695 commodo
1453 654 1701 708 temporali
1728 653 1888 707 quod5

537 727 743 768 officium
761 726 971 779 capiatur
985 731 1187 779 propter
1208 724 1423 765 meritum
1443 729 1490 765 et
1511 738 1607 764 non
1627 725 1855 764 honorem

537 797 614 837 vel
648 796 945 836 commodum
977 795 1252 848 temporale.

294 884 476 922 Hereqmary
597 866 832 919 Quantum
865 867 925 906 ad
957 870 1171 918 quartum
1209 865 1398 905 modum
1429 864 1706 904 instituendi
1738 877 1855 903 sum-

256 926 439 980 {ilfffxi-Sescioiss
454 926 517 980 Tri?
537 950 660 976 mum
685 936 981 976 sacerdotem
1011 935 1110 975 iure
1140 934 1425 975 hereditario
1448 939 1581 987 patet
1613 934 1740 987 quod
1765 934 1857 973 hoc

316 988 456 1015 ‘'Idm''
536 1006 625 1046 fuit
670 1019 731 1045 ex
776 1005 1078 1045 ordinacione
1115 1004 1210 1044 Dei
1254 1004 1360 1044 olim
1405 1003 1705 1048 autenticum,
1751 1002 1858 1055 quia

535 1076 689 1115 Exod.
723 1073 950 1115 XXVIII
984 1079 1031 1114 et
1062 1073 1244 1114 XXIX
1277 1074 1476 1113 docetur
1508 1073 1745 1126 quomodo
1777 1072 1859 1112 filii

535 1145 698 1185 Aaron
728 1144 887 1184 forent
919 1144 1192 1184 sacerdotes
1236 1142 1336 1182 iure
1369 1147 1619 1196 perpetuo,
1654 1147 1702 1182 et
1731 1141 1857 1182 idem

535 1220 669 1267 patet
682 1213 875 1254 Numeri
897 1212 1048 1253 XXV
1074 1213 1131 1253 de
1154 1213 1340 1258 Finees,
1371 1212 1375 1266 l
1403 1212 1496 1252 filio
1523 1211 1745 1264 Eleazari,
1777 1211 1859 1252 filii

535 1284 697 1324 Aaron
734 1296 838 1323 cum
871 1296 1049 1336 genere
1082 1295 1182 1334 suo,
1223 1282 1351 1335 quod
1388 1281 1669 1336 fungeretur
1707 1294 1856 1322 sacer-

537 1352 675 1393 docio
708 1352 807 1392 iure
840 1357 1090 1405 perpetuo,

243 1431 521 1500 ξῖἒοὲῗὲἒόᾒξᾶἶιιὲὲῐ
594 1421 691 1463 Sed
723 1421 899 1475 triplex
928 1422 1120 1475 ponitur
1144 1435 1284 1462 causa
1317 1434 1460 1475 quare
1495 1426 1712 1475 tempore
1733 1421 1854 1474 legis

535 1492 693 1546 gracie
728 1492 1050 1532 sacerdocium
1073 1505 1168 1532 non
1193 1491 1259 1532 sic
1283 1491 1415 1531 vadit
1436 1491 1536 1531 iure
1558 1491 1857 1533 hereditario.

534 1562 690 1602 Prima
712 1561 820 1615 quia
843 1562 1120 1602 sacerdotes
1142 1561 1292 1601 nostri
1316 1566 1364 1600 et
1393 1560 1662 1614 specialiter
1694 1560 1859 1601 summi

534 1632 786 1685 pontifices
831 1632 1010 1672 debent
1055 1636 1183 1672 caste
1216 1630 1380 1671 vivere
1423 1630 1570 1672 instar
1603 1630 1777 1671 Christi
1812 1635 1860 1670 et

533 1715 621 1755 per
653 1714 953 1754 consequens
985 1714 1081 1741 non
1108 1700 1377 1754 relinquere
1401 1714 1484 1741 sue
1509 1700 1681 1740 carnali
1705 1699 1860 1740 soboli

532 1771 606 1812 ius
627 1772 686 1811 ad
709 1770 969 1825 quicquam.
1003 1769 1225 1811 Secunda
1248 1784 1388 1811 causa
1418 1775 1491 1811 est
1513 1770 1621 1823 quia
1644 1768 1859 1811 Christus

534 1840 686 1880 noluit
731 1839 831 1881 eius
874 1839 1078 1881 vicarios
1122 1841 1299 1881 habere
1346 1841 1558 1881 seculare
1604 1839 1858 1879 dominium

534 1911 612 1950 vel
657 1911 885 1950 honorem
931 1911 1017 1950 sed
1056 1910 1242 1950 omnino
1275 1910 1438 1963 specie
1477 1908 1752 1950 hereditatis
1786 1922 1860 1949 ce-

534 1979 680 2032 lestis,
714 1993 806 2032 que
840 1980 991 2020 solum
1026 1980 1161 2019 datur
1192 1979 1557 2033 patrissantibus
1580 1979 1627 2019 in
1649 1978 1859 2020 moribus

537 2048 858 2101 spiritualibus
890 2048 996 2089 filiis
1028 2048 1280 2101 adoptivis.
1332 2048 1501 2088 Tereia
1533 2062 1672 2089 causa
1705 2052 1777 2088 est
1809 2052 1860 2087 ut

535 2130 622 2157 nos
646 2122 862 2170 tempore
884 2117 1006 2171 legis
1030 2118 1190 2171 gracie
1214 2117 1502 2171 spiritualius
1525 2118 1858 2170 procedentes,

537 2186 771 2227 discamus
825 2187 1004 2240 eligere
1056 2187 1277 2227 meliores
1324 2192 1370 2227 et
1420 2200 1574 2227 amare
1622 2186 1859 2240 duplicem

535 2256 868 2308 virginitatem,
910 2262 957 2296 et
995 2257 1124 2309 quod
1157 2256 1410 2310 spiritualis
1449 2256 1752 2309 prepositura
1783 2253 1860 2296 vel

537 2325 741 2378 dignitas
775 2327 1035 2367 sacerdotis
1067 2340 1164 2367 non
1197 2327 1256 2367 sit
1280 2327 1475 2367 carnalis
1500 2327 1584 2367 sed
1607 2325 1860 2380 spiritualis

538 2408 597 2434 ex
640 2395 876 2435 filiacione
920 2396 967 2435 in
1011 2396 1235 2448 moribus,
1283 2410 1386 2436 cum
1424 2395 1661 2436 hereditas
1693 2395 1770 2435 illa
1802 2395 1861 2436 sit

539 2464 816 2518 cuicumque
849 2465 1141 2519 promerenti
1185 2465 1471 2508 indifferens.
1532 2465 1745 2506 Necesse
1789 2469 1860 2505 est

536 2533 680 2587 igitur
726 2535 854 2587 quod
899 2549 1105 2575 summus
1153 2536 1376 2576 sacerdos
1420 2540 1584 2575 noster
1638 2533 1776 2574 sitin
1809 2547 1860 2574 se

538 2608 668 2643 totus
694 2603 924 2644 collectus
949 2604 1070 2644 circa
1094 2604 1446 2645 edificacionem
1472 2603 1673 2644 ecclesie
1697 2608 1743 2643 et
1764 2615 1860 2642 non

608 2808 635 2835 8.
657 2810 682 2836 A
700 2809 728 2836 in
746 2816 859 2842 marg:
881 2809 1169 2844 Summipontfficix
1184 2810 1341 2837 institucio
1359 2811 1428 2836 iure
1443 2810 1647 2837 hereditario.
1725 2809 1767 2836 16.
1792 2809 1812 2835 Β
1829 2809 1857 2835 in

538 2863 652 2889 marga
689 2855 837 2889 Tempore
871 2855 953 2890 legis
980 2856 1091 2890 gracie
1118 2857 1327 2883 sacerdocium
1357 2864 1417 2882 mm
1448 2856 1548 2882 currit
1572 2856 1641 2882 iure
1667 2855 1859 2882 hereditario

537 2901 655 2936 lrt'plici
673 2908 778 2927 causa.

1878 1016 1915 1036 10

1877 1711 1917 1733 20

1877 2050 1915 2081 25

1878 2398 1918 2430 30
