2078 3338
243 258 332 285 CAP.
360 247 441 303 ω]
640 261 698 292 DE
725 259 1005 292 Po'OESTATE
1033 261 1161 292 PAPE.

236 370 390 405 stante
422 364 749 418 prohibicione
782 364 940 418 papali
975 370 1049 405 est
1078 364 1281 411 validum
1322 379 1410 405 nec
1443 365 1554 405 licet

235 448 360 488 pape
381 434 508 474 illum
533 434 811 486 dissolvere,
836 434 943 488 quia
964 435 1127 475 Matth.
1151 434 1285 486 XIV,
1311 437 1334 474 ὁ
1364 435 1553 475 dicitur:

241 503 361 556 Quos
385 504 509 545 Deus
540 505 779 550 coniunxit,
811 505 940 545 homo
974 516 1063 544 uon
1094 508 1285 557 separet.
1319 503 1370 545 Si
1402 510 1555 545 autem

233 573 498 613 huiusmodi
521 573 786 628 coniugium
809 574 932 614 foret
972 574 1302 614 dissolutivum
1330 575 1427 629 legi
1450 574 1554 625 Dei,

202 643 418 696 §papalis
452 644 748 697 dispensacio
788 649 1033 697 utramque
1066 649 1250 697 partem
1288 645 1553 687 seduceret.

232 711 435 752 Videtur
461 713 620 766 itaque
652 713 761 753 mihi
799 714 928 767 quod
957 713 1227 768 coniugium
1255 714 1465 767 parentis
1499 715 1555 755 ad

115 786 194 821 256⁶
232 784 413 836 prolem
446 783 707 837 proximam
738 782 741 838 Ι
771 783 1133 825 contrariaretur
1163 783 1262 837 legi
1302 789 1467 825 nature
1510 790 1556 825 et

233 853 300 894 sic
331 853 435 904 Dei,
475 853 583 907 quia
613 854 765 894 honor
799 860 845 894 et
878 853 1118 895 subieccio
1160 855 1362 894 debetur
1392 868 1554 908 paren-

232 923 370 976 tibus,
415 924 499 963 sed
539 923 820 979 coniugibus
861 923 1067 964 amicicia
1110 924 1309 966 socialis,
1360 924 1554 965 Fratres

180 1007 217 1028 10
233 999 389 1034 autern
433 999 481 1034 et
536 1007 723 1034 sorores
774 993 985 1047 oportuit
1021 993 1068 1034 in
1117 994 1353 1048 principio
1397 994 1556 1034 mundi

233 1064 524 1115 contrahere,
564 1069 616 1104 ut
652 1069 783 1117 patet
817 1063 876 1103 de
908 1063 1198 1118 patriarchis,
1240 1063 1411 1118 quibus
1442 1064 1555 1105 limi-

231 1138 377 1174 tatum
411 1138 485 1174 est
519 1134 576 1173 de
602 1133 896 1186 cognacione
918 1133 1113 1187 propria
1144 1133 1408 1187 coniugari;
1442 1140 1553 1174 tem-

230 1216 348 1256 pore
393 1208 548 1243 autem
589 1202 711 1258 legis
756 1203 917 1256 gracie
962 1209 1066 1244 toto
1111 1217 1288 1258 genere
1327 1204 1552 1257 gencium

232 1286 463 1313 converso
488 1274 544 1313 ad
566 1272 834 1324 Dominum,
866 1273 1165 1314 racionaliter
1196 1273 1459 1314 ordinatum
1482 1279 1555 1314 est

178 1347 214 1379 15
232 1343 360 1396 quod
376 1349 511 1383 extra
526 1342 866 1397 cognacionem
880 1343 1223 1384 matrimonium
1239 1344 1553 1394 contrahatur,

230 1418 281 1454 ut
324 1412 418 1467 liga
462 1412 637 1454 federis
684 1413 992 1467 cognacionis
1030 1414 1203 1455 habeat
1243 1413 1376 1454 aliam
1412 1413 1554 1469 ligam

229 1482 467 1524 affinitatis
502 1496 563 1523 ex
586 1483 965 1536 desponsacione
990 1483 1174 1534 carnali,
1209 1488 1256 1524 et
1284 1484 1351 1524 sic
1374 1483 1552 1524 sorcius

230 1558 371 1606 atque
405 1552 651 1593 extensius
685 1553 746 1593 sit
777 1553 955 1607 triplex
987 1553 1225 1594 vinculum
1252 1567 1339 1607 pro
1359 1554 1550 1594 humani

229 1623 419 1678 generis
470 1623 635 1663 federe
688 1623 971 1677 colligando,
1024 1629 1072 1665 et
1116 1623 1183 1664 sic
1229 1623 1416 1665 dimissa
1459 1623 1552 1677 liga

173 1706 215 1727 20
229 1693 535 1734 fraternitatis
569 1692 823 1746 spiritualis
856 1693 903 1733 in
936 1693 1144 1734 Domino
1184 1693 1553 1747 multiplicantur

228 1763 514 1804 tradiciones
557 1762 796 1804 hominum
842 1764 900 1803 de
939 1763 1090 1818 gradu
1129 1769 1399 1804 contractus
1437 1763 1553 1804 liciti

231 1839 278 1874 et
310 1833 420 1874 alias
457 1838 760 1882 revocantum
802 1839 850 1874 et
887 1833 1186 1887 dispensacio
1225 1847 1312 1887 pro
1351 1833 1552 1887 pecunia

230 1910 276 1944 et
310 1905 368 1944 de
403 1903 694 1957 cognacione
733 1903 954 1957 potencie
991 1903 1200 1945 incurrit.
1254 1903 1444 1944 Certum
1478 1908 1552 1944 est

227 1979 384 2015 tamen
422 1974 551 2028 quod
588 1987 683 2014 non
720 1974 847 2014 valet
888 1973 1187 2027 dispensacio
1240 1973 1423 2027 papalis
1461 1973 1551 2014 nisi

173 2045 212 2077 25
230 2044 383 2084 subsit
413 2043 539 2084 racio
573 2043 820 2097 scripture,
854 2043 939 2084 sed
972 2044 1029 2084 ad
1061 2048 1242 2084 tantum
1273 2044 1402 2083 valet
1433 2042 1549 2083 diffi-

228 2113 350 2154 nicio
381 2114 578 2168 papalis,
611 2114 669 2154 de
702 2119 877 2167 quanto
901 2113 1005 2166 ipse
1027 2113 1266 2154 racionem
1287 2113 1550 2167 prudenter

229 2183 454 2225 dilucidat
506 2189 554 2224 et
602 2197 697 2223 non
741 2184 873 2224 ultra.
925 2183 1056 2223 Mille
1102 2183 1434 2224 conclusiones
1488 2195 1549 2222 ex

226 2253 330 2295 istis
363 2259 636 2307 sequuntur,
677 2267 795 2307 quas
829 2267 992 2293 omnes
1027 2258 1222 2306 oportet
1261 2253 1546 2300 concedere;

228 2324 353 2364 unde
386 2323 593 2364 stulticia
623 2323 734 2364 facit
758 2324 884 2376 quod
904 2323 1118 2363 homines
1140 2323 1248 2376 plus
1272 2322 1545 2376 apprecian-

173 2394 213 2426 3'0
228 2398 303 2433 tur
323 2393 609 2434 tradiciones
630 2392 867 2433 hominum
897 2393 954 2433 de
985 2392 1204 2446 coniugio
1238 2398 1546 2446 cognatorum

229 2476 365 2516 quam
396 2463 615 2503 mandata
647 2462 876 2515 decalogi.

284 2533 494 2574 Ulterius
522 2538 744 2586 quantum
778 2534 834 2573 ad
868 2532 1135 2573 decisiones
1177 2533 1411 2582 heresum,
1456 2544 1544 2585 pro

229 2602 398 2656 quibus
416 2602 584 2643 dicitur
607 2615 712 2643 esse
734 2602 1050 2642 necessarium
1073 2615 1178 2642 esse
1200 2615 1384 2656 papam,
1412 2605 1546 2655 patet

228 2673 356 2726 quod
399 2686 425 2713 a
467 2679 682 2726 tempore
722 2672 984 2713 dotacionis
1025 2684 1217 2713 cesaree
1256 2671 1330 2712 alii
1361 2671 1546 2711 fuerant

299 2853 327 2873 2.
356 2844 450 2873 coci:
481 2845 591 2873 Matllz.
621 2844 698 2872 XIX.
778 2855 806 2880 §³-
829 2845 866 2871 15:
890 2845 1075 2871 anziczciam.
1149 2851 1190 2871 11.
1213 2843 1419 2876 contralze1·e;
1437 2843 1543 2870 Adde:

228 2893 436 2920 matrimonia.
527 2891 576 2920 32.
606 2891 704 2919 Codd.
732 2891 761 2918 in
790 2899 907 2926 marga
933 2890 1070 2919 Hereses
1088 2890 1232 2918 decidere
1250 2890 1294 2917 ad
1312 2897 1399 2926 quem
1417 2891 1545 2924 spectat.

296 2957 338 2982 De
353 2956 504 2981 Potestate
519 2956 606 2984 Papo..
1364 2949 1403 2982 25

1580 714 1699 741 Rcason
1721 715 1769 742 sor
1788 716 1839 742 the

1641 750 1768 784 gradual

1601 784 1759 811 extension
1780 785 1814 812 of

1677 820 1750 846 such

1602 855 1821 889 prohibitious.

1639 2549 1751 2585 Pope's

1614 2582 1777 2619 judgment

1578 2625 1609 2645 as
1630 2623 1661 2646 to
1683 2620 1817 2647 heresies

1620 2655 1781 2682 valueless.
