2078 3338
241 292 263 328 3
275 291 326 328 24
967 290 1191 321 ,IOHANNIS
1219 289 1405 321 WYCLIF
1649 276 1756 333 [CAP.
1785 286 1848 313 ΧΠ.

532 398 584 433 ut
613 398 747 433 notat
769 393 1068 446 Augustinus
1099 393 1147 433 in
1169 393 1244 433 De
1268 392 1560 448 Cognicione
1584 393 1712 433 Vere
1735 393 1849 433 Vite

531 475 687 515 prope
730 463 884 504 finem.
948 462 1050 503 Nec
1093 463 1211 516 phas
1258 467 1331 503 est
1372 462 1619 516 imponere
1661 462 1709 502 in
1760 463 1848 503 hoc

531 531 665 572 militi
688 531 860 573 Christi
881 531 1187 574 mendacium.
1220 532 1282 572 Et
1312 532 1401 573 ista
1432 532 1678 573 maledicta
1700 532 1848 573 stacio

530 601 810 642 Antichristi
851 602 1060 655 implicat
1102 602 1257 656 ipsum
1302 602 1484 653 sedere,
1530 602 1637 655 quia
1668 615 1693 642 a
1723 601 1850 642 mini-

532 670 677 712 sterio
712 671 885 712 Christi
929 673 987 712 ad
1031 672 1160 725 quod
1199 672 1493 712 excellenter
1531 672 1617 712 sed
1648 671 1764 712 false
1798 678 1884 711 se5

532 740 713 794 obligat
757 741 1001 782 ociantern.
1054 741 1115 782 Et
1157 741 1246 782 ista
1279 747 1353 782 est
1384 742 1502 782 mala
1533 740 1685 782 sessio
1719 741 1850 794 spiri-

530 810 679 853 tualis.

276 890 481 929 Augus-[mes
591 879 814 922 Secundo
836 881 1093 922 notandum
1118 882 1247 935 quod
1270 880 1571 934 Augustinus
1604 880 1650 920 II
1682 881 1757 920 De
1781 879 1849 920 Ci-

285 929 470 959 expofflnon.
532 949 679 990 vitate
701 950 794 991 Dei
827 951 961 1005 quasi
992 964 1082 1005 per
1114 956 1263 992 totum
1289 964 1537 1005 exponens
1571 949 1850 1003 scripturam

533 1020 592 1060 de
624 1019 933 1073 Antichristo,
965 1021 1235 1075 specialiter
1266 1020 1599 1075 Apokalipsim
1629 1019 1849 1060 Iohannis
1870 1038 1909 1060 10

533 1094 582 1129 et
611 1090 919 1143 propheciam
950 1090 1166 1132 Danielis
1207 1090 1331 1131 inter
1370 1095 1528 1131 cetera
1564 1089 1770 1143 capitulo
1803 1088 1850 1129 II

533 1158 733 1212 exponit
756 1164 940 1200 textum
955 1160 1222 1214 predictum
1241 1159 1445 1214 apostoli
1467 1160 1526 1200 de
1542 1158 1849 1200 Antichristo.

530 1228 714 1269 Textus
759 1234 914 1270 autem
944 1229 1185 1283 Apostoli,
1230 1243 1370 1283 quem
1401 1229 1699 1283 Augustinus
1739 1227 1852 1268 dicit

530 1298 804 1339 nullomodo
827 1300 1211 1352 pretereundum,
1242 1299 1290 1340 in
1312 1299 1487 1340 nostris
1513 1297 1757 1339 codicibus
1788 1297 1852 1338 ita

530 1367 674 1409 iacet:
718 1368 820 1410 Non
852 1370 1133 1422 terreamini,
1176 1371 1309 1422 qnasi
1347 1370 1479 1410 instet
1514 1369 1612 1409 dies
1648 1368 1850 1419 Domini,
1871 1377 1907 1410 15

531 1439 764 1492 qnoniam,
796 1438 960 1492 inquit,
993 1439 1083 1480 nisi
1114 1440 1282 1480 venerit
1307 1439 1527 1480 dissensio
1552 1439 1780 1491 primum,
1814 1440 1852 1478 et

531 1509 757 1549 revelatus
774 1508 923 1560 fuerit
942 1510 1074 1550 homo
1090 1509 1279 1563 peccati,
1298 1509 1435 1561 filins
1449 1508 1745 1561 perdicionis,
1776 1507 1854 1559 qni

533 1578 808 1619 adversatur
840 1583 877 1619 et
914 1579 1139 1619 extollitur
1181 1591 1321 1631 snper
1357 1590 1489 1618 omne
1530 1578 1648 1630 qnod
1685 1577 1854 1617 dicitnr

533 1647 670 1698 Dens,
703 1651 783 1688 ant
813 1649 931 1701 qnod
961 1649 1134 1699 colitur,
1166 1649 1233 1689 ita
1253 1652 1301 1689 nt
1322 1648 1369 1688 in
1392 1649 1556 1702 ternplo
1579 1648 1666 1689 Dei
1686 1648 1851 1700 sedeat,

532 1718 766 1758 ostendens
795 1731 842 1759 se
872 1721 1108 1771 tamqnam
1142 1719 1238 1772 ipse
1279 1719 1337 1759 sit
1367 1718 1504 1772 Dens,
1549 1717 1721 1771 supple
1764 1716 1853 1756 nisi
1869 1736 1910 1757 20

533 1787 637 1827 talis
672 1787 992 1829 Antichristus
1023 1788 1154 1842 prius
1186 1787 1383 1841 venerit,
1426 1801 1522 1828 non
1553 1787 1715 1828 veniet
1751 1785 1852 1826 dies

533 1856 713 1908 iudicii3
747 1858 863 1898 nnlli
892 1858 1081 1899 dnbinrn
1115 1861 1189 1905 est,
1221 1857 1372 1911 inquit
1402 1857 1716 1911 Augustinus,
1749 1868 1852 1897 enm

533 1928 587 1967 de
604 1927 875 1968 Antichristo
908 1929 991 1969 isto
1013 1929 1194 1980 dixisse,
1226 1928 1351 1968 unde
1372 1928 1638 1981 Apostolus
1660 1925 1828 1967 videns
1846 1923 1849 1981 Ι

535 1997 971 2038 abhominacionem
995 1997 1319 2048 desolacionis,
1342 2011 1430 2051 pro
1456 1997 1621 2038 dolore
1643 1995 1853 2049 loquitur
1892 2008 1973 2044 242a

533 2066 811 2120 interrupte,
845 2067 967 2108 sicut
998 2067 1210 2109 Christus
1242 2067 1411 2108 videns
1444 2071 1694 2121 peccatum
1718 2058 1909 2117 xJeru-25

536 2136 679 2177 salem
722 2136 855 2178 flevit
899 2137 1075 2189 dicens,
1122 2137 1230 2190 quia
1274 2137 1313 2177 si
1357 2136 1671 2191 cognovisses
1710 2141 1758 2177 et
1787 2141 1851 2188 tn,

536 2207 707 2260 supple
739 2211 989 2260 peccatum
1021 2212 1150 2248 tuum
1185 2212 1233 2248 et
1263 2220 1435 2260 penam
1468 2206 1641 2247 exinde
1673 2205 1760 2247 tibi
1790 2205 1852 2245 in-

534 2275 800 2330 fligendam,
852 2281 903 2317 tu
945 2276 1099 2330 fleres,
1152 2281 1203 2317 ut
1247 2290 1338 2330 ego
1390 2282 1438 2317 te
1489 2275 1655 2317 defleo.
1714 2275 1853 2315 Unde

537 2345 804 2398 Apostolus
838 2351 1189 2400 consequenter
1221 2346 1427 2387 declarat
1450 2345 1732 2386 Antichristi
1751 2358 1852 2385 ver-

536 2414 690 2456 sucias
711 2414 758 2455 in
779 2416 868 2456 hec
890 2417 1057 2456 verba:
1090 2416 1192 2457 Non
1213 2417 1425 2464 retinetis,
1457 2417 1577 2469 qnod
1604 2428 1707 2456 cnm
1729 2415 1855 2468 apnd
1870 2423 1912 2456 30

535 2497 613 2525 vos
644 2497 799 2538 essem,
830 2486 906 2526 liec
926 2486 1130 2527 dicebam
1152 2487 1286 2537 vobis,
1319 2489 1358 2527 et
1378 2498 1496 2527 nnnc
1516 2485 1625 2538 qnid
1646 2485 1853 2538 detineat,

607 2675 636 2703 9.
656 2666 773 2696 Codd.:
797 2667 857 2695 Dei
875 2668 971 2696 deest.
1046 2667 1090 2695 15.
1110 2669 1139 2696 A
1158 2668 1189 2695 in
1211 2676 1326 2703 marg:
1353 2668 1561 2696 Antichristus
1580 2668 1732 2703 quomodo
1753 2670 1853 2695 osten-

537 2713 632 2741 ditur.

613 2809 638 2832 1.
666 2799 758 2841 Opp.
784 2805 866 2831 tom.
895 2799 952 2842 VI,
979 2800 1070 2841 App.
1095 2799 1152 2840 VI,
1183 2798 1294 2840 182s3.
1391 2798 1422 2832 8.
1457 2800 1548 2841 Opp.
1580 2805 1666 2832 tom.
1685 2800 1756 2842 VH,
1791 2798 1853 2840 587

538 2858 616 2888 Non
657 2863 707 2888 est
743 2857 795 2888 De
830 2857 975 2888 Civitate
1008 2857 1071 2888 Dei
1106 2857 1144 2897 11,
1184 2857 1244 2888 sed
1278 2858 1348 2890 XX.
1471 2857 1522 2890 15.
1556 2857 1718 2890 11.Tess.
1753 2857 1789 2896 11,
1823 2866 1852 2889 2.

541 2915 594 2948 30.
620 2915 658 2946 11.
685 2914 809 2948 Thess.
838 2915 875 2955 II,
906 2915 1027 2948 5-—11.
