2078 3338
224 274 313 304 CAP.
337 265 422 322 vn]
620 279 678 310 DE
705 278 987 312 PoTEsrATE
1013 280 1144 312 PAPE.

217 381 325 422 Deo
350 383 696 435 correspondet
716 383 881 433 unitas,
903 383 1089 425 Christo
1111 383 1319 424 binarius
1342 388 1541 437 propter

217 451 540 505 duplicitatem
594 457 874 506 naturarum,
932 466 1036 493 cum
1081 453 1342 494 humanitas
1381 453 1429 494 in
1460 468 1538 507 po-

215 521 370 562 tencia
406 520 495 561 fuit
532 521 623 561 sibi
658 535 848 575 semper
886 522 1122 576 adaptata,
1167 522 1383 563 trinarius
1421 537 1538 564 vero

217 590 565 643 correspondet
600 591 786 643 homini,
827 605 931 632 cum
964 592 1025 633 sit
1057 592 1293 644 memoria,
1329 592 1458 632 racio
1492 598 1541 633 et

183 661 448 714 5voluntas,
487 661 813 714 quaternarius
847 667 1003 702 autem
1036 663 1381 715 correspondet
1413 662 1539 703 carni

215 730 294 770 vel
331 731 521 784 corpori
559 732 688 784 quod
726 731 896 773 dicitur
940 746 1002 773 ex
1046 738 1249 786 quatuor
1291 732 1537 786 principiis

217 799 398 841 scilicet
428 801 651 854 punctali,
684 801 859 854 lineari,
892 802 1177 856 superficiali
1199 808 1247 843 et
1267 802 1537 856 profundali

216 870 295 910 vel
327 876 529 923 quatuor
561 871 740 925 electis,
775 872 1046 926 colligendo
1081 879 1236 913 autem
1268 886 1410 913 unum
1444 875 1537 912 duo

216 939 304 980 tria
336 946 538 993 quatuor
570 942 864 983 constituunt
895 944 1073 983 decem.
1128 941 1226 984 Sed
1262 947 1427 983 natura
1456 942 1538 981 hu-

161 1024 201 1045 10
216 1022 349 1049 mana
387 1010 640 1063 egrediens
675 1011 916 1052 denarium
950 1025 1012 1052 ex
1042 1011 1428 1065 prevaricacione
1461 1012 1537 1051 de-

217 1079 371 1132 calogi
408 1080 477 1132 (ut
509 1080 680 1121 dicitur
712 1094 813 1134 cap.
846 1081 1039 1135 XXIII,
1071 1081 1117 1121 V
1147 1081 1299 1133 huius)
1338 1080 1539 1133 indiguit

214 1148 512 1202 reformante,
575 1150 685 1191 ideo
754 1151 987 1192 mediator
1032 1151 1126 1192 Dei
1185 1157 1233 1191 et
1287 1150 1538 1202 hominum,

216 1230 420 1273 sponsus
454 1225 502 1260 et
523 1220 750 1262 formator
782 1222 998 1271 ecclesie,
1033 1235 1207 1275 corpus
1240 1235 1375 1261 suum
1408 1220 1538 1274 quod

216 1294 290 1330 est
334 1290 660 1343 quaternarius
706 1291 842 1332 duxit
884 1292 931 1332 in
976 1291 1151 1332 dictum
1197 1291 1440 1332 denarium
1491 1296 1539 1331 et

161 1362 197 1394 15
213 1359 438 1413 passione
482 1374 568 1401 sua
610 1362 811 1402 redemit
855 1362 1115 1403 ecclesiam.
1173 1362 1235 1403 Et
1276 1361 1365 1402 hec
1408 1360 1538 1400 racio

214 1442 357 1482 quare
400 1430 628 1472 ieiunavit
672 1432 980 1486 quadraginta
1031 1432 1214 1474 diebus.
1278 1430 1376 1472 Sed
1428 1430 1536 1484 quia

213 1499 610 1553 quadragenarius
642 1503 876 1542 resultans
910 1515 972 1542 ex
1005 1502 1149 1542 ductu
1173 1500 1459 1555 quaternarii
1489 1500 1537 1540 in

212 1568 453 1609 denarium
483 1570 629 1612 habet
660 1576 848 1625 septem
879 1577 1040 1625 partes
1067 1571 1314 1625 aliquotas,
1347 1576 1399 1610 ut
1417 1569 1535 1622 XX,

210 1637 274 1691 X,
297 1637 429 1689 VIII,
453 1638 509 1693 V,
531 1639 614 1693 IV,
638 1640 700 1691 II,
725 1640 760 1694 I,
795 1654 888 1694 que
915 1641 1153 1694 integrant
1181 1639 1534 1694 quinquaginta,

154 1720 197 1742 20
209 1706 298 1747 iam
313 1714 426 1761 post
437 1710 818 1751 resureccionem
833 1711 1141 1765 quadraginta
1156 1711 1323 1751 diebus
1339 1722 1536 1763 exspec-

210 1777 329 1818 tavit
359 1779 684 1820 ascensionem
707 1786 755 1821 et
775 1786 888 1834 post
916 1782 1084 1821 decem
1113 1780 1214 1821 dies
1236 1779 1534 1820 reformatam

212 1848 459 1888 ecclesiam
482 1849 787 1900 confirmavit,
820 1850 1051 1891 mittendo
1082 1851 1407 1890 consolantem
1432 1848 1533 1902 Spi-

209 1917 348 1957 ritum
381 1918 507 1959 dono
541 1920 853 1974 septemplici.
889 1919 987 1962 Sed
1019 1926 1185 1974 quarto
1220 1919 1373 1960 dictus
1399 1933 1533 1960 cesar

211 2000 402 2041 semper
445 1995 673 2043 augustus
718 1991 1066 2043 augmentando
1113 2003 1303 2043 semper
1335 2003 1531 2043 progre-

153 2058 193 2091 25
210 2056 344 2098 diens
360 2057 530 2099 dictam
553 2059 812 2111 ecclesiam,
830 2044 1138 2112 consumavit,
1153 2060 1341 2114 quando
1357 2060 1534 2100 dictum

211 2126 667 2181 quinquagenarium
698 2130 969 2184 triplicavit,
1004 2131 1134 2184 quod
1156 2130 1400 2171 constituit
1424 2143 1531 2170 cen-

210 2201 308 2237 tum
353 2198 694 2253 quinquaginta
739 2205 787 2240 et
828 2200 877 2240 in
922 2200 1173 2241 eternitate
1226 2206 1361 2240 extra
1403 2200 1533 2240 illum

209 2279 453 2308 numerum
484 2269 793 2321 beatificavit3
840 2270 970 2323 quod
1006 2270 1072 2323 fit,
1106 2283 1210 2310 cum
1240 2270 1375 2323 fides,
1420 2283 1532 2323 spes

212 2342 261 2377 et
304 2337 473 2379 caritas
518 2339 672 2380 tocius
717 2339 921 2380 ecclesie
977 2340 1134 2393 quoad
1178 2339 1393 2380 miliciam
1427 2353 1532 2380 con-

154 2409 197 2440 30
213 2413 430 2450 sumatur.
473 2408 638 2449 Pisces
669 2409 814 2462 igitur
847 2414 1012 2463 captos
1044 2424 1071 2449 a
1102 2409 1271 2463 spiritu
1302 2409 1532 2462 predesti-

210 2484 351 2519 nante
371 2478 629 2520 ministerio
651 2479 945 2520 hortancium
967 2480 1025 2519 ad
1045 2481 1172 2519 bona
1187 2479 1346 2533 gracie
1360 2479 1532 2519 Petrus

95 2545 174 2591 199d
210 2548 350 2588 trahit
392 2549 440 2588 in
467 2547 473 2603 Ι
499 2555 672 2590 terram
714 2549 992 2602 vivencium,
1037 2550 1229 2602 quando
1276 2562 1426 2601 usque
1471 2549 1531 2588 ad

281 2740 309 2760 2.
329 2736 524 2762 naturarum.
550 2734 572 2761 B
593 2734 623 2761 in
645 2742 758 2769 marg:
784 2734 832 2761 vel
849 2735 960 2762 anime.
1035 2741 1063 2769 7.
1080 2734 1230 2768 punctalz.
1260 2732 1377 2760 Codd.:
1403 2733 1531 2768 peccali.

211 2780 291 2815 Aug.
314 2781 332 2807 1.
354 2788 379 2808 c.
397 2801 403 2807 .
419 2802 425 2809 .
444 2803 449 2808 .
468 2803 474 2809 .
490 2781 573 2816 quod
589 2781 777 2816 progressio
797 2788 817 2807 α
839 2783 953 2815 puncto
972 2779 1016 2807 ad
1033 2780 1270 2814 longitudinem,
1293 2786 1315 2806 a
1336 2778 1533 2815 longitudine

211 2826 254 2853 ad
272 2827 466 2854 latitudinem
482 2849 487 2855 .
505 2849 511 2854 .
527 2847 534 2854 .
608 2835 655 2854 20.
680 2835 724 2855 21.
747 2827 785 2854 B:
807 2827 1026 2863 quadraginta
1046 2842 1080 2845 —
1099 2826 1312 2853 ascensionem
1332 2826 1424 2853 deest.

288 2921 336 2943 11.
364 2911 415 2942 De
442 2912 543 2946 Civjli
570 2912 736 2943 Dominio
763 2911 815 2950 111,
840 2910 920 2951 485.

1751 280 1826 319 155

1617 461 1753 490 Various

1580 496 1801 531 significations

1582 536 1613 558 to
1635 532 1670 558 be
1691 532 1799 559 drawn

1615 566 1695 594 from
1715 568 1766 594 the

1580 602 1711 629 number
1734 601 1797 629 153.

1601 2356 1667 2383 The
1688 2358 1780 2384 fishes

1574 2399 1625 2418 are
1645 2392 1694 2419 the
1715 2393 1800 2421 elect.
