2078 3338
214 274 292 310 180

260 1775 282 1803 11
305 1775 331 1802 is
352 1777 406 1801 not
425 1782 442 1800 a

226 1814 335 1837 matter
354 1809 388 1836 of
405 1808 480 1836 saith

239 1845 305 1872 that
326 1843 467 1872 clement

260 1880 317 1906 aud
340 1879 443 1906 others

228 1922 309 1941 were
331 1921 428 1948 popes
449 1913 480 1940 in

251 1949 302 1976 the
323 1948 451 1975 modern

323 1992 386 2010 use.

930 280 1155 313 JOHANNIS
1181 279 1366 311 WYCLIF
1605 269 1711 320 [CAP.
1733 277 1813 304 vm.

501 386 688 427 Christo
712 385 888 425 faciunt
916 386 994 425 vel
1022 398 1116 424 non
1144 384 1321 424 faciunt
1349 383 1563 424 homines
1596 383 1817 437 quicquid

496 456 698 497 fecerint
742 456 818 495 vel
860 468 955 495 non
999 454 1202 495 fecerint
1244 453 1467 495 membris
1512 454 1621 504 suis,
1666 459 1714 494 et
1750 454 1817 495 sic

497 527 669 567 nedum
711 525 799 566 fuit
844 539 906 565 ex
944 525 1101 566 divina
1133 524 1443 576 ordinacione,
1489 525 1616 578 quod
1647 524 1817 565 Petrus

500 603 546 637 et
577 597 751 637 Paulus
796 594 908 636 inibi
949 599 1255 644 morerentur,
1300 595 1384 634 sed
1431 607 1568 634 omne
1606 595 1733 647 quod
1765 594 1819 635 fit

496 667 545 707 in
582 666 759 707 mundo
803 665 857 706 fit
895 678 957 705 ex
1002 664 1303 704 ordinacione
1355 662 1512 703 divina
1555 663 1852 704 accessoria5

499 738 576 777 vel
608 736 796 778 directa.
846 734 1132 776 Accessoria
1168 733 1215 773 in
1254 733 1443 775 viciosis
1477 733 1716 786 operibus
1760 734 1820 773 de

500 806 669 860 quibus
713 807 889 846 bonum
934 803 1130 855 ordinat,
1184 807 1232 843 et
1284 802 1461 843 directa
1506 802 1553 842 in
1595 801 1820 843 virtuosis

502 875 728 929 operibus
751 875 828 915 vel
851 873 1077 927 operibus
1110 871 1409 913 naturalibus.
1444 870 1641 912 Causam
1668 877 1822 912 autem

501 959 643 1000 quare
678 944 892 985 Christus
932 942 1167 984 ordinavit
1205 941 1440 995 gloriosos
1480 942 1723 995 apostolos
1756 941 1822 982 ibi

500 1015 599 1069 pati
619 1014 893 1068 martyrium
909 1018 981 1054 est
1004 1013 1246 1066 exemplar
1269 1017 1315 1053 et
1329 1012 1572 1065 speculum
1595 1011 1694 1052 aliis
1710 1025 1821 1052 mar·
1842 1021 1881 1043 10

501 1084 698 1138 tyribus,
732 1083 861 1137 quod
885 1081 1118 1123 ordinavit
1142 1080 1445 1135 postmodum
1475 1080 1541 1121 ibi
1573 1081 1683 1134 pati,
1719 1095 1823 1121 cum

503 1153 604 1194 aliis
647 1153 787 1193 bonis
834 1153 1104 1206 exemplum
1149 1150 1473 1204 sequentibus.
1536 1149 1634 1191 Sed.
1681 1151 1822 1191 credo

503 1223 632 1277 quod
670 1223 824 1263 nullus
862 1221 1016 1262 fidelis
1055 1225 1234 1261 tantum
1265 1219 1479 1269 insaniet,
1519 1220 1647 1274 quod
1677 1219 1825 1273 fingat

504 1293 741 1334 dominum
795 1291 1038 1333 ordinasse
1089 1290 1156 1330 ibi
1205 1290 1390 1330 illorum
1442 1290 1729 1343 martyrium,
1773 1294 1825 1330 ut

505 1364 673 1403 doceat
703 1362 807 1402 fore
839 1375 1011 1414 papam
1044 1372 1389 1414 quemcumque
1420 1359 1688 1400 Romanum
1728 1359 1823 1412 epi·
1844 1360 1880 1393 15

505 1445 700 1485 scopum
732 1443 1074 1483 successurum,
1109 1428 1216 1483 quia
1248 1427 1317 1483 (ut
1340 1428 1515 1469 dictum
1539 1427 1628 1482 est)
1652 1442 1825 1469 nomen

504 1502 596 1542 tale
646 1499 845 1540 inolevit
896 1513 957 1539 ex
1007 1498 1311 1539 institucione
1361 1498 1561 1538 humana
1613 1503 1661 1538 et
1707 1511 1824 1551 sepe

506 1570 718 1625 opinioni
755 1569 993 1610 hominum
1025 1568 1072 1609 in
1109 1568 1212 1609 istis
1245 1567 1422 1608 falsitas
1462 1572 1536 1608 est
1567 1569 1824 1617 substrata3

503 1643 637 1682 locus
672 1640 792 1680 enim
814 1639 892 1679 ille
918 1644 990 1679 est
1010 1638 1331 1692 impertinens,
1364 1642 1416 1677 ut
1445 1637 1544 1678 eius
1569 1637 1826 1691 episcopus

507 1710 567 1751 sit
597 1709 855 1763 precipuus
888 1721 1070 1762 sequax
1103 1707 1287 1748 Christi.
1844 1716 1885 1737 20

564 1780 702 1821 Unde
746 1779 935 1819 videtur
986 1791 1080 1817 non
1125 1790 1231 1818 esse
1285 1777 1344 1817 de
1391 1776 1660 1819 substancia
1705 1776 1827 1827 fidei,

507 1850 633 1903 quod
649 1848 881 1901 Clemens,
902 1847 1059 1899 Linus,
1080 1845 1240 1887 Cletus
1263 1847 1341 1886 Vel
1364 1845 1478 1886 alius
1501 1851 1613 1899 post
1634 1846 1828 1886 Petrum

506 1919 751 1959 Romanus
791 1917 1046 1971 episcopus
1083 1915 1171 1956 fuit
1201 1929 1340 1968 papa,
1378 1915 1689 1971 intelligendo
1719 1917 1724 1968 Ι
1752 1929 1828 1968 pa·
1869 1915 1952 1947 206⁸

505 2003 626 2042 pam,
671 1993 723 2028 ut
767 1987 879 2027 dicit
920 1986 1204 2040 primitatem
1248 1985 1449 2026 alienum
1485 1985 1828 2026 excludentem.

507 2057 825 2110 Intelligendo
850 2061 1005 2097 autem
1026 2068 1198 2108 papam
1222 2054 1543 2106 communiter,
1566 2054 1707 2095 modo
1733 2067 1826 2108 quo
1845 2054 1886 2087 25

507 2127 800 2177 Ambrosius,
838 2125 1136 2179 Augustinus
1171 2129 1218 2165 et
1251 2124 1399 2165 ceteri
1431 2124 1581 2165 sancti
1614 2124 1830 2178 episcopi

509 2202 640 2238 erant
661 2210 799 2250 pape,
825 2195 1121 2236 manifestum
1152 2200 1226 2235 est
1248 2195 1376 2248 quod
1397 2194 1587 2247 Paulus,
1613 2193 1829 2235 Clemens

509 2272 556 2307 et
589 2266 736 2307 ceteri
768 2265 916 2306 sancti
948 2270 1180 2318 martyres
1214 2269 1260 2303 et
1294 2263 1596 2304 confessores
1627 2264 1831 2305 Romani

510 2335 726 2390 episcopi
749 2340 881 2376 erant
902 2348 1022 2388 pape
1037 2334 1171 2374 simul
1196 2347 1298 2374 cum
1322 2334 1435 2385 aliis,
1459 2333 1587 2387 quod
1602 2333 1641 2374 si
1664 2333 1830 2387 aliquis

510 2420 671 2446 eorum
702 2405 750 2445 in
780 2403 1008 2459 regimine
1041 2403 1198 2443 ovium
1231 2402 1402 2444 Christi
1440 2416 1602 2443 omnes
1637 2416 1830 2443 conver·
1848 2404 1889 2436 30

509 2481 667 2516 santes
701 2487 861 2514 secum
893 2478 1181 2525 excesserat,
1219 2477 1330 2513 tunc
1369 2472 1458 2512 fuit
1489 2472 1580 2513 iste
1618 2486 1743 2525 papa
1774 2473 1831 2512 ad

510 2558 698 2586 sensum
731 2542 948 2596 superius
979 2542 1236 2583 limitatum.

570 2612 753 2654 Abusio
779 2618 935 2652 autem
958 2611 1144 2652 termini
1165 2611 1470 2652 infundabilis
1485 2610 1672 2651 videtur
1694 2610 1833 2651 michi

510 2696 685 2724 vocare
719 2695 1062 2736 quemcumque
1094 2682 1455 2735 pseudopapam
1487 2680 1611 2721 nudo
1643 2679 1832 2720 nomine

580 2820 608 2848 6.
630 2819 683 2846 ΑΒ
710 2818 740 2845 in
767 2826 880 2853 marg:
910 2817 1084 2845 Ordinario
1111 2816 1215 2844 divina
1242 2819 1287 2843 est
1310 2815 1432 2851 duplex.
1509 2824 1552 2844 12.
1580 2817 1632 2844 AB
1658 2816 1689 2843 in
1710 2823 1832 2850 marg.:

513 2866 605 2893 Roma
632 2867 678 2892 est
708 2864 908 2899 impertinens
938 2867 971 2891 ut
1002 2864 1067 2890 eius
1098 2864 1259 2899 episcopus
1289 2863 1331 2889 sit
1359 2862 1524 2897 precipuus
1556 2869 1675 2897 sequax
1707 2861 1829 2890 Christi.

514 2912 557 2940 16.
580 2911 697 2939 Codd.:
719 2910 849 2938 nomine.
925 2909 973 2938 25.
995 2910 1048 2937 AB
1069 2910 1098 2937 in
1121 2917 1235 2944 marg:
1257 2908 1339 2944 Papa
1361 2908 1475 2936 dicitur
1495 2908 1670 2943 dupliciter.
