2078 3338
217 273 304 301 CAP.
327 266 423 316 vm]
610 275 667 305 DE
697 274 975 305 POTESTATE
1009 273 1136 305 ΡΑΡΕ.
1750 269 1825 308 173

217 393 299 421 sua
330 380 469 420 modo
503 380 718 432 prevalet
750 385 798 419 et
829 379 970 418 modo
995 377 1225 426 subditur,
1261 391 1363 417 cum
1390 377 1533 416 multe

218 454 325 490 sunt
354 448 495 488 hodie
530 448 758 499 civitates,
798 453 969 501 gentes
1003 453 1050 487 et
1083 446 1394 487 comunitates
1426 446 1534 498 plus

217 518 401 570 divites,
444 518 604 557 inclite
649 523 696 558 et
741 517 937 570 amplius
981 518 1231 570 populose.
1286 515 1534 568 Quomodo

215 588 359 641 igitur
384 587 599 640 apostoli,
625 587 795 640 quibus
818 592 1100 640 preceptum
1126 592 1199 627 est
1225 585 1536 625 indiserenter

185 661 379 697 5omnes
414 662 597 710 gentes,
640 656 893 696 limitarent
935 670 985 697 se
1031 657 1088 696 ad
1124 656 1252 695 illum
1295 655 1535 708 populum,

217 739 320 766 cum
373 732 572 779 possent
622 727 729 779 plus
779 725 1056 766 lucrifacere
1111 725 1294 765 Christo
1344 724 1391 764 in
1445 723 1533 764 alio

215 797 395 848 populo
431 796 576 836 eciam
607 809 701 836 non
734 808 983 837 converso.
1018 795 1154 835 Unde
1187 800 1238 835 ut
1271 794 1413 834 credo
1445 794 1535 837 hec
1585 799 1793 828 Endowment

216 864 302 904 fuit
346 879 435 904 una
476 865 616 915 racio,
664 878 807 918 quare
852 864 1056 917 apostoli
1106 878 1198 904 non
1248 868 1537 916 receperunt
1576 835 1794 897 fiiriilelffegwiffe

217 935 510 975 dotacionem
554 935 693 974 fixam
737 935 785 975 in
830 934 980 987 terris,
1025 941 1077 974 ut
1120 933 1402 987 ubicumque
1447 938 1534 972 ter·
1609 905 1767 975 &3¹51ng

163 1018 364 1045 10rarum
405 1004 597 1057 spiritus
638 1018 719 1044 eos
752 1010 968 1044 moveret
1005 1005 1064 1044 ad
1106 1005 1214 1056 plus
1252 1003 1538 1056 prodessen-

217 1075 324 1114 dum
348 1074 548 1114 ecclesie
570 1074 680 1114 illuc
715 1074 965 1114 tenderent
991 1073 1197 1115 indilate.
1228 1073 1367 1113 quta
1399 1086 1538 1126 quem

216 1157 407 1184 sensum
452 1143 614 1184 scribit
645 1144 911 1196 Apostolus
959 1143 1099 1183 Hebr,
1146 1143 1280 1192 XIII,
1325 1157 1391 1193 14:
1437 1142 1538 1182 Non

215 1214 430 1253 hahemus
460 1214 529 1253 lzic
561 1217 818 1253 manentem
851 1214 1075 1253 civitatem
1107 1214 1184 1253 sed
1210 1212 1431 1264 fitturcz‘m
1464 1213 1536 1252 in—

216 1284 457 1335 quirimus,
483 1282 614 1322 aliter
638 1283 757 1322 enim
782 1282 1035 1323 dominium
1063 1282 1256 1322 affixum
1277 1281 1538 1322 retraheret

163 1351 521 1392 15affeccionem
580 1353 901 1393 convertendi.
962 1353 1023 1391 Et
1071 1352 1160 1391 hec
1208 1351 1345 1401 racio,
1396 1363 1538 1404 quare

218 1422 427 1463 Christus
442 1421 631 1463 nonfuit
646 1422 842 1463 affectus
858 1422 1051 1474 templo,
1068 1428 1119 1461 ut
1132 1427 1267 1474 patet
1276 1420 1535 1465 MarXIH,

216 1492 301 1532 sed
337 1491 602 1544 predicavit
628 1493 714 1532 sub
740 1491 863 1536 divo,
898 1505 1022 1531 nunc
1044 1491 1092 1531 in
1115 1491 1318 1542 deserto,
1342 1503 1467 1530 nunc
1488 1489 1536 1529 in

215 1560 466 1613 montibus,
504 1574 627 1600 nunc
659 1561 706 1600 in
738 1560 851 1600 mari
884 1567 930 1600 et
963 1562 1050 1600 sub
1083 1559 1242 1600 verbis
1273 1558 1537 1599 indifferen-

214 1629 340 1670 tibus
399 1636 445 1670 et
488 1630 802 1683 generalibus,
858 1636 907 1670 ut
958 1635 1091 1683 patet
1142 1629 1306 1669 Matth.
1359 1628 1536 1680 ultimo,

159 1713 200 1733 20
214 1700 432 1752 precepit
462 1700 692 1752 apostolis
724 1699 981 1752 predicare.

273 1768 505 1821 Quantum
541 1770 597 1809 ad
620 1770 873 1809 secundam
902 1769 1119 1809 ficticiam
1150 1769 1208 1808 ad
1232 1768 1535 1808 colorandum
1593 1764 1675 1791 That
1694 1764 1782 1791 petes

1614 1798 1763 1827 ordained

216 1838 559 1878 connexionem
586 1839 845 1891 predictam
869 1838 1073 1878 Romani
1106 1844 1153 1877 et
1186 1837 1350 1877 summi
1382 1836 1533 1889 ponti·
1552 1833 1695 1903 (3ὲὲξῇξὲῙὲ
1711 1841 1824 1895 ξζοζξὲ

213 1908 314 1949 ficis
346 1922 435 1961 per
464 1907 813 1948 institucionem
833 1908 978 1959 Petri,
1012 1913 1144 1961 patet
1167 1909 1295 1960 quod
1325 1907 1535 1947 innititur
1564 1903 1814 1966 ξζξῗῇζῐξὲξὲῖᾗ

214 1978 337 2017 foliis
371 1978 470 2018 sine
504 1978 672 2028 fructu,
706 1991 801 2017 non
826 1978 946 2017 enim
968 1978 1075 2030 plus
1099 1977 1328 2030 sequitur:
1363 1976 1534 2016 Petrus

158 2049 197 2080 23
216 2047 449 2087 ordinavit
472 2047 759 2087 Clementem
786 2046 1064 2099 episcopum
1087 2047 1368 2097 Romanum,
1391 2045 1536 2098 igitur

217 2115 448 2157 ordinavit
471 2130 575 2156 eum
598 2131 825 2157 summum
854 2116 1126 2169 pontificem
1151 2130 1287 2169 quam
1312 2115 1535 2169 sequitur,

120 2187 200 2229 2(>4“
219 2186 451 2226 ordinavit
485 2187 488 2237 Ι
523 2186 731 2225 Marcum
783 2185 1071 2226 Anthiochie
1123 2185 1212 2226 sibi
1264 2185 1536 2236 succedere,

215 2256 358 2309 igitur
391 2255 624 2295 ordinavit
664 2269 769 2296 eum
808 2255 899 2296 sibi
931 2256 1188 2297 succedere
1227 2255 1275 2295 in
1307 2268 1536 2295 summum

214 2325 499 2378 pontificem,
538 2327 671 2366 locus
723 2331 877 2365 autem
924 2327 991 2379 (ut
1036 2325 1209 2365 dictum
1244 2325 1335 2379 est)
1370 2330 1443 2365 est
1474 2325 1536 2363 in—

160 2399 200 2430 ,20
216 2394 436 2434 differens
482 2397 537 2434 ad
582 2402 807 2447 papatum
848 2401 895 2435 et
934 2409 1054 2448 eque
1086 2395 1256 2448 plenus
1293 2408 1418 2447 papa
1448 2394 1536 2433 fuit

215 2464 385 2504 Petrus
419 2463 705 2504 Anthiochie
745 2464 866 2504 sicut
897 2465 1067 2515 Rome,
1109 2470 1154 2503 et
1192 2470 1412 2517 preterea
1443 2464 1533 2502 An-

215 2533 419 2573 thiochie
451 2533 638 2586 accepit
670 2547 694 2573 a
725 2534 905 2586 populo
937 2533 1141 2586 insignia
1174 2539 1221 2574 et
1248 2546 1343 2573 non
1367 2532 1533 2573 Rome.

272 2602 403 2648 Item,
421 2603 703 2656 quicumque
727 2608 971 2655 superstes
990 2604 1066 2643 dat
1091 2603 1223 2643 alteri
1244 2607 1533 2656 potestatem

216 2671 366 2712 solum
399 2672 479 2711 dat
512 2671 600 2712 sibi
621 2677 912 2725 potestatem
933 2672 1151 2713 vicariam
1176 2677 1223 2713 et
1243 2685 1339 2712 non
1360 2685 1533 2725 parem,

286 2861 313 2888 7.
336 2853 388 2880 AB
409 2853 438 2880 in
460 2862 575 2888 marga
605 2854 808 2881 Dolacionem
833 2857 861 2881 el
884 2854 948 2881 loci
963 2855 1257 2889 appropriacionem
1283 2863 1379 2890 quare
1398 2855 1535 2890 apostoli

213 2898 393 2935 fugierunt.
467 2907 515 2927 20.
538 2900 653 2927 Codd.:
675 2899 818 2934 apostoli.
893 2908 936 2927 21.
961 2900 1252 2936 Codd.:ficticium.
