<?xml version="1.0" encoding="UTF-8"?>
<!DOCTYPE html PUBLIC "-//W3C//DTD XHTML 1.0 Transitional//EN"
    "http://www.w3.org/TR/xhtml1/DTD/xhtml1-transitional.dtd">
<html xmlns="http://www.w3.org/1999/xhtml" xml:lang="en" lang="en">
 <head>
  <title>
</title>
<meta http-equiv="Content-Type" content="text/html;charset=utf-8" />
  <meta name='ocr-system' content='tesseract 3.04.00' />
  <meta name='ocr-capabilities' content='ocr_page ocr_carea ocr_par ocr_line ocrx_word'/>
</head>
<body>
  <div class='ocr_page' id='page_1' title='image "./tractatusdepotes00wycl_0389.png"; bbox 0 0 2078 3338; ppageno 0'>
   <div class='ocr_carea' id='block_1_1' title="bbox 183 274 1788 332">
    <p class='ocr_par' dir='ltr' id='par_1_1' title="bbox 183 274 1788 332">
     <span class='ocr_line' id='line_1_1' title="bbox 183 274 1788 332; baseline 0.006 -16"><span class='ocrx_word' id='word_1_1' title='bbox 183 284 272 313; x_wconf 68' lang='lat' dir='ltr'><strong>CAP.</strong></span> <span class='ocrx_word' id='word_1_2' title='bbox 300 274 381 331; x_wconf 72' lang='lat' dir='ltr'>m]</span> <span class='ocrx_word' id='word_1_3' title='bbox 575 287 635 320; x_wconf 86' lang='lat' dir='ltr'>DE</span> <span class='ocrx_word' id='word_1_4' title='bbox 661 287 944 319; x_wconf 84' lang='lat' dir='ltr'>POTESTATE</span> <span class='ocrx_word' id='word_1_5' title='bbox 972 288 1102 319; x_wconf 81' lang='lat' dir='ltr'><strong>PAPE.</strong></span> <span class='ocrx_word' id='word_1_6' title='bbox 1709 294 1788 332; x_wconf 86' lang='lat'>327</span> 
     </span>
    </p>
   </div>
   <div class='ocr_carea' id='block_1_2' title="bbox 54 390 1790 2609">
    <p class='ocr_par' dir='ltr' id='par_1_2' title="bbox 177 390 1764 655">
     <span class='ocr_line' id='line_1_2' title="bbox 181 390 1497 436; baseline 0.003 -5"><span class='ocrx_word' id='word_1_7' title='bbox 181 405 285 432; x_wconf 88' lang='lat' dir='ltr'>cum</span> <span class='ocrx_word' id='word_1_8' title='bbox 330 391 538 432; x_wconf 89' lang='lat' dir='ltr'>divinum</span> <span class='ocrx_word' id='word_1_9' title='bbox 581 390 807 432; x_wconf 84' lang='lat' dir='ltr'>iudicium</span> <span class='ocrx_word' id='word_1_10' title='bbox 839 391 900 432; x_wconf 90' lang='lat' dir='ltr'>sit</span> <span class='ocrx_word' id='word_1_11' title='bbox 930 391 977 432; x_wconf 90' lang='lat' dir='ltr'>in</span> <span class='ocrx_word' id='word_1_12' title='bbox 1009 391 1166 433; x_wconf 91' lang='lat' dir='ltr'>multis</span> <span class='ocrx_word' id='word_1_13' title='bbox 1201 393 1497 436; x_wconf 83' lang='lat' dir='ltr'>contrarium.</span> 
     </span>
     <span class='ocr_line' id='line_1_3' title="bbox 178 461 1748 516; baseline 0.001 -15"><span class='ocrx_word' id='word_1_14' title='bbox 178 461 232 501; x_wconf 91' lang='lat' dir='ltr'>In</span> <span class='ocrx_word' id='word_1_15' title='bbox 275 461 614 515; x_wconf 78' lang='lat' dir='ltr'>temporalibus</span> <span class='ocrx_word' id='word_1_16' title='bbox 658 475 774 502; x_wconf 89' lang='lat' dir='ltr'>vero</span> <span class='ocrx_word' id='word_1_17' title='bbox 819 462 1005 515; x_wconf 88' lang='lat' dir='ltr'>fingunt</span> <span class='ocrx_word' id='word_1_18' title='bbox 1052 475 1104 502; x_wconf 90' lang='lat' dir='ltr'>se</span> <span class='ocrx_word' id='word_1_19' title='bbox 1149 476 1291 516; x_wconf 84' lang='lat' dir='ltr'>super</span> <span class='ocrx_word' id='word_1_20' title='bbox 1335 477 1499 504; x_wconf 91' lang='lat' dir='ltr'>omnes</span> <span class='ocrx_word' id='word_1_21' title='bbox 1560 474 1748 513; x_wconf 36' lang='lat' dir='ltr'>and-claims</span> 
     </span>
     <span class='ocr_line' id='line_1_4' title="bbox 179 509 1764 583; baseline 0.002 -12"><span class='ocrx_word' id='word_1_22' title='bbox 179 531 416 571; x_wconf 89' lang='lat' dir='ltr'>seculares</span> <span class='ocrx_word' id='word_1_23' title='bbox 449 530 665 572; x_wconf 89' lang='lat' dir='ltr'>dominos</span> <span class='ocrx_word' id='word_1_24' title='bbox 700 531 926 572; x_wconf 89' lang='lat' dir='ltr'>dominari</span> <span class='ocrx_word' id='word_1_25' title='bbox 959 531 1171 583; x_wconf 83' lang='lat' dir='ltr'>civiliter,</span> <span class='ocrx_word' id='word_1_26' title='bbox 1221 538 1267 573; x_wconf 92' lang='lat' dir='ltr'>et</span> <span class='ocrx_word' id='word_1_27' title='bbox 1311 532 1378 573; x_wconf 89' lang='lat' dir='ltr'>sic</span> <span class='ocrx_word' id='word_1_28' title='bbox 1415 547 1498 574; x_wconf 92' lang='lat' dir='ltr'>no·</span> <span class='ocrx_word' id='word_1_29' title='bbox 1548 513 1578 536; x_wconf 50' lang='lat'>1⁰</span> <span class='ocrx_word' id='word_1_30' title='bbox 1599 509 1764 537; x_wconf 83' lang='lat' dir='ltr'>c1v1lrule.</span> 
     </span>
     <span class='ocr_line' id='line_1_5' title="bbox 177 600 1501 655; baseline 0.003 -15"><span class='ocrx_word' id='word_1_31' title='bbox 177 605 275 641; x_wconf 84' lang='lat' dir='ltr'>tato</span> <span class='ocrx_word' id='word_1_32' title='bbox 311 600 437 641; x_wconf 88' lang='lat' dir='ltr'>dicto</span> <span class='ocrx_word' id='word_1_33' title='bbox 470 600 738 655; x_wconf 79' lang='lat' dir='ltr'>Augustini,</span> <span class='ocrx_word' id='word_1_34' title='bbox 773 602 900 655; x_wconf 87' lang='lat' dir='ltr'>quod</span> <span class='ocrx_word' id='word_1_35' title='bbox 934 607 1127 655; x_wconf 77' lang='lat' dir='ltr'>oportet</span> <span class='ocrx_word' id='word_1_36' title='bbox 1159 602 1501 644; x_wconf 86' lang='lat' dir='ltr'>Antichristum</span> 
     </span>
    </p>

    <p class='ocr_par' dir='ltr' id='par_1_3' title="bbox 146 670 1503 1004">
     <span class='ocr_line' id='line_1_6' title="bbox 146 670 1501 726; baseline 0.002 -16"><span class='ocrx_word' id='word_1_37' title='bbox 146 675 284 711; x_wconf 66' lang='lat' dir='ltr'>§esse</span> <span class='ocrx_word' id='word_1_38' title='bbox 331 671 389 710; x_wconf 94' lang='lat' dir='ltr'>de</span> <span class='ocrx_word' id='word_1_39' title='bbox 421 670 642 711; x_wconf 84' lang='lat' dir='ltr'>Romano</span> <span class='ocrx_word' id='word_1_40' title='bbox 695 670 905 725; x_wconf 81' lang='lat' dir='ltr'>imperio,</span> <span class='ocrx_word' id='word_1_41' title='bbox 951 672 1080 725; x_wconf 90' lang='lat' dir='ltr'>quod</span> <span class='ocrx_word' id='word_1_42' title='bbox 1133 672 1397 726; x_wconf 76' lang='lat' dir='ltr'>extinguet,</span> <span class='ocrx_word' id='word_1_43' title='bbox 1451 679 1501 714; x_wconf 86' lang='lat' dir='ltr'>ut</span> 
     </span>
     <span class='ocr_line' id='line_1_7' title="bbox 180 738 1503 796; baseline 0.003 -17"><span class='ocrx_word' id='word_1_44' title='bbox 180 739 296 780; x_wconf 87' lang='lat' dir='ltr'>dicit</span> <span class='ocrx_word' id='word_1_45' title='bbox 333 738 510 780; x_wconf 86' lang='lat' dir='ltr'>XXIV</span> <span class='ocrx_word' id='word_1_46' title='bbox 544 753 643 793; x_wconf 85' lang='lat' dir='ltr'>cap.</span> <span class='ocrx_word' id='word_1_47' title='bbox 689 746 735 780; x_wconf 90' lang='lat' dir='ltr'>et</span> <span class='ocrx_word' id='word_1_48' title='bbox 774 740 902 780; x_wconf 89' lang='lat' dir='ltr'>dicto</span> <span class='ocrx_word' id='word_1_49' title='bbox 947 740 1076 781; x_wconf 89' lang='lat' dir='ltr'>beati</span> <span class='ocrx_word' id='word_1_50' title='bbox 1106 741 1329 791; x_wconf 89' lang='lat' dir='ltr'>Johannis</span> <span class='ocrx_word' id='word_1_51' title='bbox 1374 743 1503 796; x_wconf 87' lang='lat' dir='ltr'>quod</span> 
     </span>
     <span class='ocr_line' id='line_1_8' title="bbox 177 809 1502 864; baseline 0.002 -15"><span class='ocrx_word' id='word_1_52' title='bbox 177 809 458 850; x_wconf 90' lang='lat' dir='ltr'>Antichristi</span> <span class='ocrx_word' id='word_1_53' title='bbox 484 810 730 863; x_wconf 87' lang='lat' dir='ltr'>prenuncii</span> <span class='ocrx_word' id='word_1_54' title='bbox 752 810 909 863; x_wconf 85' lang='lat' dir='ltr'>magni</span> <span class='ocrx_word' id='word_1_55' title='bbox 922 810 1203 852; x_wconf 88' lang='lat' dir='ltr'>Antichristi</span> <span class='ocrx_word' id='word_1_56' title='bbox 1223 811 1502 864; x_wconf 86' lang='lat' dir='ltr'>prodierunt</span> 
     </span>
     <span class='ocr_line' id='line_1_9' title="bbox 180 879 1501 934; baseline 0.002 -14"><span class='ocrx_word' id='word_1_57' title='bbox 180 894 241 920; x_wconf 82' lang='lat' dir='ltr'>ex</span> <span class='ocrx_word' id='word_1_58' title='bbox 284 879 514 933; x_wconf 87' lang='lat' dir='ltr'>apostolis</span> <span class='ocrx_word' id='word_1_59' title='bbox 560 885 609 920; x_wconf 93' lang='lat' dir='ltr'>et</span> <span class='ocrx_word' id='word_1_60' title='bbox 651 894 740 934; x_wconf 93' lang='lat' dir='ltr'>per</span> <span class='ocrx_word' id='word_1_61' title='bbox 773 893 1069 934; x_wconf 87' lang='lat' dir='ltr'>consequens</span> <span class='ocrx_word' id='word_1_62' title='bbox 1116 881 1174 921; x_wconf 93' lang='lat' dir='ltr'>de</span> <span class='ocrx_word' id='word_1_63' title='bbox 1209 882 1350 932; x_wconf 72' lang='lat' dir='ltr'>clero,</span> <span class='ocrx_word' id='word_1_64' title='bbox 1398 895 1501 923; x_wconf 88' lang='lat' dir='ltr'>cum</span> 
     </span>
     <span class='ocr_line' id='line_1_10' title="bbox 178 949 1500 1004; baseline 0.002 -14"><span class='ocrx_word' id='word_1_65' title='bbox 178 949 315 990; x_wconf 86' lang='lat' dir='ltr'>factis</span> <span class='ocrx_word' id='word_1_66' title='bbox 337 962 565 1003; x_wconf 86' lang='lat' dir='ltr'>paparum</span> <span class='ocrx_word' id='word_1_67' title='bbox 590 949 778 990; x_wconf 87' lang='lat' dir='ltr'>Christo</span> <span class='ocrx_word' id='word_1_68' title='bbox 814 949 1061 990; x_wconf 78' lang='lat' dir='ltr'>contrariis</span> <span class='ocrx_word' id='word_1_69' title='bbox 1097 949 1289 991; x_wconf 89' lang='lat' dir='ltr'>eliciunt</span> <span class='ocrx_word' id='word_1_70' title='bbox 1312 951 1500 1004; x_wconf 88' lang='lat' dir='ltr'>quidam</span> 
     </span>
    </p>

    <p class='ocr_par' dir='ltr' id='par_1_4' title="bbox 122 1018 1790 1355">
     <span class='ocr_line' id='line_1_11' title="bbox 122 1018 1790 1085; baseline 0.001 -25"><span class='ocrx_word' id='word_1_71' title='bbox 122 1033 160 1054; x_wconf 85' lang='lat'>10</span> <span class='ocrx_word' id='word_1_72' title='bbox 172 1018 483 1073; x_wconf 85' lang='lat' dir='ltr'>probabiliter</span> <span class='ocrx_word' id='word_1_73' title='bbox 515 1019 642 1072; x_wconf 88' lang='lat' dir='ltr'>quod</span> <span class='ocrx_word' id='word_1_74' title='bbox 672 1018 765 1072; x_wconf 88' lang='lat' dir='ltr'>ipsi</span> <span class='ocrx_word' id='word_1_75' title='bbox 795 1019 1012 1072; x_wconf 85' lang='lat' dir='ltr'>perversi</span> <span class='ocrx_word' id='word_1_76' title='bbox 1044 1025 1153 1060; x_wconf 89' lang='lat' dir='ltr'>sunt</span> <span class='ocrx_word' id='word_1_77' title='bbox 1193 1021 1389 1073; x_wconf 83' lang='lat' dir='ltr'>pessimi</span> <span class='ocrx_word' id='word_1_78' title='bbox 1403 1022 1496 1062; x_wconf 93' lang='lat' dir='ltr'>An-</span> <span class='ocrx_word' id='word_1_79' title='bbox 1511 1057 1537 1083; x_wconf 55' lang='lat' dir='ltr'>is</span> <span class='ocrx_word' id='word_1_80' title='bbox 1558 1022 1790 1085; x_wconf 51' lang='lat' dir='ltr'>tfflgffihesifrtom</span> 
     </span>
     <span class='ocr_line' id='line_1_12' title="bbox 175 1087 1739 1142; baseline 0.003 -14"><span class='ocrx_word' id='word_1_81' title='bbox 175 1087 394 1139; x_wconf 89' lang='lat' dir='ltr'>tichristi;</span> <span class='ocrx_word' id='word_1_82' title='bbox 426 1088 560 1128; x_wconf 87' lang='lat' dir='ltr'>Deus</span> <span class='ocrx_word' id='word_1_83' title='bbox 585 1094 738 1129; x_wconf 86' lang='lat' dir='ltr'>autem</span> <span class='ocrx_word' id='word_1_84' title='bbox 755 1089 1013 1129; x_wconf 89' lang='lat' dir='ltr'>secundum</span> <span class='ocrx_word' id='word_1_85' title='bbox 1035 1090 1325 1142; x_wconf 80' lang='lat' dir='ltr'>Apostolum</span> <span class='ocrx_word' id='word_1_86' title='bbox 1341 1091 1496 1132; x_wconf 89' lang='lat' dir='ltr'>mittet</span> <span class='ocrx_word' id='word_1_87' title='bbox 1556 1092 1606 1119; x_wconf 71' lang='lat'>¹¹¹0</span> <span class='ocrx_word' id='word_1_88' title='bbox 1627 1092 1739 1128; x_wconf 67' lang='lat' dir='ltr'>0¹0ng-</span> 
     </span>
     <span class='ocr_line' id='line_1_13' title="bbox 175 1159 1496 1214; baseline 0.002 -16"><span class='ocrx_word' id='word_1_89' title='bbox 175 1159 294 1199; x_wconf 87' lang='lat' dir='ltr'>tales</span> <span class='ocrx_word' id='word_1_90' title='bbox 318 1164 483 1199; x_wconf 89' lang='lat' dir='ltr'>contra</span> <span class='ocrx_word' id='word_1_91' title='bbox 505 1171 618 1198; x_wconf 88' lang='lat' dir='ltr'>suos</span> <span class='ocrx_word' id='word_1_92' title='bbox 642 1159 887 1212; x_wconf 89' lang='lat' dir='ltr'>apostolos</span> <span class='ocrx_word' id='word_1_93' title='bbox 912 1160 990 1199; x_wconf 86' lang='lat' dir='ltr'>vel</span> <span class='ocrx_word' id='word_1_94' title='bbox 1012 1160 1239 1200; x_wconf 90' lang='lat' dir='ltr'>seductos</span> <span class='ocrx_word' id='word_1_95' title='bbox 1253 1159 1300 1200; x_wconf 91' lang='lat' dir='ltr'>in</span> <span class='ocrx_word' id='word_1_96' title='bbox 1328 1174 1496 1214; x_wconf 85' lang='lat' dir='ltr'>opera-</span> 
     </span>
     <span class='ocr_line' id='line_1_14' title="bbox 176 1228 1499 1284; baseline 0.003 -16"><span class='ocrx_word' id='word_1_97' title='bbox 176 1228 359 1269; x_wconf 88' lang='lat' dir='ltr'>cionem</span> <span class='ocrx_word' id='word_1_98' title='bbox 383 1228 567 1278; x_wconf 76' lang='lat' dir='ltr'>erroris,</span> <span class='ocrx_word' id='word_1_99' title='bbox 590 1233 641 1269; x_wconf 91' lang='lat' dir='ltr'>ut</span> <span class='ocrx_word' id='word_1_100' title='bbox 657 1229 850 1269; x_wconf 77' lang='lat' dir='ltr'>credant</span> <span class='ocrx_word' id='word_1_101' title='bbox 871 1229 1116 1269; x_wconf 82' lang='lat' dir='ltr'>mendacio</span> <span class='ocrx_word' id='word_1_102' title='bbox 1135 1229 1182 1269; x_wconf 91' lang='lat' dir='ltr'>in</span> <span class='ocrx_word' id='word_1_103' title='bbox 1205 1243 1375 1283; x_wconf 88' lang='lat' dir='ltr'>penam</span> <span class='ocrx_word' id='word_1_104' title='bbox 1390 1245 1499 1284; x_wconf 90' lang='lat' dir='ltr'>pec-</span> 
     </span>
     <span class='ocr_line' id='line_1_15' title="bbox 177 1297 1500 1355; baseline 0.002 -17"><span class='ocrx_word' id='word_1_105' title='bbox 177 1298 277 1339; x_wconf 88' lang='lat' dir='ltr'>cati.</span> <span class='ocrx_word' id='word_1_106' title='bbox 311 1297 453 1351; x_wconf 74' lang='lat' dir='ltr'>Quod</span> <span class='ocrx_word' id='word_1_107' title='bbox 477 1311 569 1351; x_wconf 85' lang='lat' dir='ltr'>ego</span> <span class='ocrx_word' id='word_1_108' title='bbox 587 1299 731 1338; x_wconf 89' lang='lat' dir='ltr'>credo</span> <span class='ocrx_word' id='word_1_109' title='bbox 754 1298 1034 1352; x_wconf 79' lang='lat' dir='ltr'>ydolatriam</span> <span class='ocrx_word' id='word_1_110' title='bbox 1061 1299 1109 1339; x_wconf 91' lang='lat' dir='ltr'>in</span> <span class='ocrx_word' id='word_1_111' title='bbox 1138 1300 1340 1340; x_wconf 91' lang='lat' dir='ltr'>colendo</span> <span class='ocrx_word' id='word_1_112' title='bbox 1365 1301 1500 1355; x_wconf 88' lang='lat' dir='ltr'>signa</span> 
     </span>
    </p>

    <p class='ocr_par' dir='ltr' id='par_1_5' title="bbox 122 1367 1499 1422">
     <span class='ocr_line' id='line_1_16' title="bbox 122 1367 1499 1422; baseline 0.003 -14"><span class='ocrx_word' id='word_1_113' title='bbox 122 1371 158 1403; x_wconf 83' lang='lat'>15</span> <span class='ocrx_word' id='word_1_114' title='bbox 174 1373 226 1409; x_wconf 94' lang='lat' dir='ltr'>ut</span> <span class='ocrx_word' id='word_1_115' title='bbox 240 1367 409 1418; x_wconf 75' lang='lat' dir='ltr'>Deum,</span> <span class='ocrx_word' id='word_1_116' title='bbox 434 1368 555 1408; x_wconf 88' lang='lat' dir='ltr'>sicut</span> <span class='ocrx_word' id='word_1_117' title='bbox 569 1368 839 1422; x_wconf 78' lang='lat' dir='ltr'>specialiter</span> <span class='ocrx_word' id='word_1_118' title='bbox 857 1373 990 1422; x_wconf 89' lang='lat' dir='ltr'>patet</span> <span class='ocrx_word' id='word_1_119' title='bbox 1004 1368 1051 1409; x_wconf 91' lang='lat' dir='ltr'>in</span> <span class='ocrx_word' id='word_1_120' title='bbox 1075 1369 1194 1410; x_wconf 87' lang='lat' dir='ltr'>ostia</span> <span class='ocrx_word' id='word_1_121' title='bbox 1210 1377 1499 1412; x_wconf 87' lang='lat' dir='ltr'>consecrata.</span> 
     </span>
    </p>

    <p class='ocr_par' dir='ltr' id='par_1_6' title="bbox 174 1437 1745 1705">
     <span class='ocr_line' id='line_1_17' title="bbox 233 1437 1745 1493; baseline 0.002 -16"><span class='ocrx_word' id='word_1_122' title='bbox 233 1437 586 1493; x_wconf 85' lang='lat' dir='ltr'>Recolligendo</span> <span class='ocrx_word' id='word_1_123' title='bbox 638 1437 783 1491; x_wconf 87' lang='lat' dir='ltr'>igitur</span> <span class='ocrx_word' id='word_1_124' title='bbox 836 1438 960 1479; x_wconf 88' lang='lat' dir='ltr'>dicta</span> <span class='ocrx_word' id='word_1_125' title='bbox 1019 1438 1250 1492; x_wconf 85' lang='lat' dir='ltr'>superius,</span> <span class='ocrx_word' id='word_1_126' title='bbox 1312 1439 1500 1482; x_wconf 88' lang='lat' dir='ltr'>videtur</span> <span class='ocrx_word' id='word_1_127' title='bbox 1558 1452 1692 1491; x_wconf 70' lang='lat' dir='ltr'>Degrees</span> <span class='ocrx_word' id='word_1_128' title='bbox 1710 1453 1745 1480; x_wconf 87' lang='lat' dir='ltr'>of</span> 
     </span>
     <span class='ocr_line' id='line_1_18' title="bbox 174 1488 1737 1562; baseline 0.002 -14"><span class='ocrx_word' id='word_1_129' title='bbox 174 1507 312 1549; x_wconf 87' lang='lat' dir='ltr'>michi</span> <span class='ocrx_word' id='word_1_130' title='bbox 352 1507 482 1561; x_wconf 89' lang='lat' dir='ltr'>quod</span> <span class='ocrx_word' id='word_1_131' title='bbox 525 1508 678 1561; x_wconf 86' lang='lat' dir='ltr'>aliqua</span> <span class='ocrx_word' id='word_1_132' title='bbox 710 1513 819 1548; x_wconf 88' lang='lat' dir='ltr'>sunt</span> <span class='ocrx_word' id='word_1_133' title='bbox 852 1522 915 1548; x_wconf 80' lang='lat' dir='ltr'>ex</span> <span class='ocrx_word' id='word_1_134' title='bbox 948 1508 1041 1548; x_wconf 91' lang='lat' dir='ltr'>fide</span> <span class='ocrx_word' id='word_1_135' title='bbox 1074 1508 1352 1562; x_wconf 89' lang='lat' dir='ltr'>simpliciter</span> <span class='ocrx_word' id='word_1_136' title='bbox 1386 1524 1496 1551; x_wconf 87' lang='lat' dir='ltr'>con--</span> <span class='ocrx_word' id='word_1_137' title='bbox 1568 1488 1737 1551; x_wconf 45' lang='lat' dir='ltr'>ffissssgliss&#39;ffi</span> 
     </span>
     <span class='ocr_line' id='line_1_19' title="bbox 176 1577 1499 1632; baseline 0.002 -14"><span class='ocrx_word' id='word_1_138' title='bbox 176 1578 402 1628; x_wconf 80' lang='lat' dir='ltr'>cedenda⁷</span> <span class='ocrx_word' id='word_1_139' title='bbox 454 1577 539 1618; x_wconf 85' lang='lat' dir='ltr'>alia</span> <span class='ocrx_word' id='word_1_140' title='bbox 583 1591 699 1618; x_wconf 87' lang='lat' dir='ltr'>vero</span> <span class='ocrx_word' id='word_1_141' title='bbox 758 1583 810 1618; x_wconf 90' lang='lat' dir='ltr'>ut</span> <span class='ocrx_word' id='word_1_142' title='bbox 860 1577 1014 1618; x_wconf 85' lang='lat' dir='ltr'>omnia</span> <span class='ocrx_word' id='word_1_143' title='bbox 1077 1579 1312 1632; x_wconf 88' lang='lat' dir='ltr'>scripture</span> <span class='ocrx_word' id='word_1_144' title='bbox 1367 1593 1499 1621; x_wconf 81' lang='lat' dir='ltr'>sacre</span> 
     </span>
     <span class='ocr_line' id='line_1_20' title="bbox 175 1647 1497 1705; baseline 0.002 -17"><span class='ocrx_word' id='word_1_145' title='bbox 175 1647 407 1689; x_wconf 85' lang='lat' dir='ltr'>contraria</span> <span class='ocrx_word' id='word_1_146' title='bbox 453 1647 730 1701; x_wconf 87' lang='lat' dir='ltr'>simpliciter</span> <span class='ocrx_word' id='word_1_147' title='bbox 779 1653 888 1689; x_wconf 90' lang='lat' dir='ltr'>sunt</span> <span class='ocrx_word' id='word_1_148' title='bbox 924 1649 1154 1701; x_wconf 83' lang='lat' dir='ltr'>neganda.</span> <span class='ocrx_word' id='word_1_149' title='bbox 1209 1649 1264 1689; x_wconf 89' lang='lat' dir='ltr'>In</span> <span class='ocrx_word' id='word_1_150' title='bbox 1302 1650 1451 1691; x_wconf 82' lang='lat' dir='ltr'>tercio</span> <span class='ocrx_word' id='word_1_151' title='bbox 1494 1649 1497 1705; x_wconf 57' lang='grc' dir='ltr'>Ι</span> 
     </span>
    </p>

    <p class='ocr_par' dir='ltr' id='par_1_7' title="bbox 54 1717 1501 2121">
     <span class='ocr_line' id='line_1_21' title="bbox 54 1717 1501 1771; baseline 0 -11"><span class='ocrx_word' id='word_1_152' title='bbox 54 1718 135 1761; x_wconf 81' lang='lat'>224‘¹</span> <span class='ocrx_word' id='word_1_153' title='bbox 172 1731 288 1758; x_wconf 83' lang='lat' dir='ltr'>vero</span> <span class='ocrx_word' id='word_1_154' title='bbox 330 1717 481 1771; x_wconf 86' lang='lat' dir='ltr'>gradu</span> <span class='ocrx_word' id='word_1_155' title='bbox 513 1723 624 1758; x_wconf 91' lang='lat' dir='ltr'>sunt</span> <span class='ocrx_word' id='word_1_156' title='bbox 668 1718 869 1770; x_wconf 87' lang='lat' dir='ltr'>quedam</span> <span class='ocrx_word' id='word_1_157' title='bbox 901 1717 1214 1770; x_wconf 87' lang='lat' dir='ltr'>probabiliter</span> <span class='ocrx_word' id='word_1_158' title='bbox 1245 1721 1501 1760; x_wconf 87' lang='lat' dir='ltr'>asserenda</span> 
     </span>
     <span class='ocr_line' id='line_1_22' title="bbox 172 1786 1497 1843; baseline 0.002 -16"><span class='ocrx_word' id='word_1_159' title='bbox 172 1792 224 1828; x_wconf 89' lang='lat' dir='ltr'>ut</span> <span class='ocrx_word' id='word_1_160' title='bbox 254 1787 331 1827; x_wconf 88' lang='lat' dir='ltr'>illa</span> <span class='ocrx_word' id='word_1_161' title='bbox 364 1800 456 1841; x_wconf 89' lang='lat' dir='ltr'>que</span> <span class='ocrx_word' id='word_1_162' title='bbox 499 1786 814 1840; x_wconf 88' lang='lat' dir='ltr'>probabiliter</span> <span class='ocrx_word' id='word_1_163' title='bbox 847 1788 1102 1827; x_wconf 88' lang='lat' dir='ltr'>creduntur</span> <span class='ocrx_word' id='word_1_164' title='bbox 1136 1801 1241 1828; x_wconf 88' lang='lat' dir='ltr'>esse</span> <span class='ocrx_word' id='word_1_165' title='bbox 1274 1788 1321 1828; x_wconf 92' lang='lat' dir='ltr'>in</span> <span class='ocrx_word' id='word_1_166' title='bbox 1355 1789 1497 1843; x_wconf 89' lang='lat' dir='ltr'>scrip-</span> 
     </span>
     <span class='ocr_line' id='line_1_23' title="bbox 171 1856 1498 1911; baseline 0.002 -13"><span class='ocrx_word' id='word_1_167' title='bbox 171 1864 276 1899; x_wconf 84' lang='lat' dir='ltr'>tura</span> <span class='ocrx_word' id='word_1_168' title='bbox 308 1870 440 1898; x_wconf 87' lang='lat' dir='ltr'>sacra</span> <span class='ocrx_word' id='word_1_169' title='bbox 470 1856 707 1910; x_wconf 87' lang='lat' dir='ltr'>implicita.</span> <span class='ocrx_word' id='word_1_170' title='bbox 760 1856 815 1896; x_wconf 91' lang='lat' dir='ltr'>In</span> <span class='ocrx_word' id='word_1_171' title='bbox 848 1862 1017 1910; x_wconf 87' lang='lat' dir='ltr'>quarto</span> <span class='ocrx_word' id='word_1_172' title='bbox 1051 1870 1169 1898; x_wconf 85' lang='lat' dir='ltr'>vero</span> <span class='ocrx_word' id='word_1_173' title='bbox 1204 1859 1356 1911; x_wconf 81' lang='lat' dir='ltr'>gradu</span> <span class='ocrx_word' id='word_1_174' title='bbox 1389 1865 1498 1900; x_wconf 89' lang='lat' dir='ltr'>sunt</span> 
     </span>
     <span class='ocr_line' id='line_1_24' title="bbox 174 1926 1498 1981; baseline 0.001 -13"><span class='ocrx_word' id='word_1_175' title='bbox 174 1928 325 1981; x_wconf 88' lang='lat' dir='ltr'>aliqua</span> <span class='ocrx_word' id='word_1_176' title='bbox 378 1927 616 1967; x_wconf 88' lang='lat' dir='ltr'>credenda</span> <span class='ocrx_word' id='word_1_177' title='bbox 658 1926 970 1980; x_wconf 89' lang='lat' dir='ltr'>probabiliter</span> <span class='ocrx_word' id='word_1_178' title='bbox 1022 1940 1129 1967; x_wconf 90' lang='lat' dir='ltr'>esse</span> <span class='ocrx_word' id='word_1_179' title='bbox 1169 1927 1286 1968; x_wconf 84' lang='lat' dir='ltr'>falsa</span> <span class='ocrx_word' id='word_1_180' title='bbox 1328 1934 1379 1969; x_wconf 90' lang='lat' dir='ltr'>ut</span> <span class='ocrx_word' id='word_1_181' title='bbox 1421 1928 1498 1969; x_wconf 86' lang='lat' dir='ltr'>illa</span> 
     </span>
     <span class='ocr_line' id='line_1_25' title="bbox 173 1996 1496 2052; baseline -0.001 -13"><span class='ocrx_word' id='word_1_182' title='bbox 173 1999 232 2039; x_wconf 92' lang='lat' dir='ltr'>de</span> <span class='ocrx_word' id='word_1_183' title='bbox 256 1997 426 2052; x_wconf 89' lang='lat' dir='ltr'>quibus</span> <span class='ocrx_word' id='word_1_184' title='bbox 453 1998 680 2037; x_wconf 87' lang='lat' dir='ltr'>habemus</span> <span class='ocrx_word' id='word_1_185' title='bbox 709 1996 1021 2050; x_wconf 89' lang='lat' dir='ltr'>probabiliter</span> <span class='ocrx_word' id='word_1_186' title='bbox 1045 1997 1337 2038; x_wconf 86' lang='lat' dir='ltr'>evidenciam</span> <span class='ocrx_word' id='word_1_187' title='bbox 1367 1999 1496 2052; x_wconf 89' lang='lat' dir='ltr'>quod</span> 
     </span>
     <span class='ocr_line' id='line_1_26' title="bbox 115 2067 992 2121; baseline 0 -13"><span class='ocrx_word' id='word_1_188' title='bbox 115 2067 154 2099; x_wconf 84' lang='lat'>25</span> <span class='ocrx_word' id='word_1_189' title='bbox 172 2072 281 2108; x_wconf 90' lang='lat' dir='ltr'>sunt</span> <span class='ocrx_word' id='word_1_190' title='bbox 312 2068 548 2121; x_wconf 86' lang='lat' dir='ltr'>scripture</span> <span class='ocrx_word' id='word_1_191' title='bbox 581 2081 717 2108; x_wconf 89' lang='lat' dir='ltr'>sacre</span> <span class='ocrx_word' id='word_1_192' title='bbox 752 2067 992 2108; x_wconf 84' lang='lat' dir='ltr'>contraria.</span> 
     </span>
    </p>

    <p class='ocr_par' dir='ltr' id='par_1_8' title="bbox 169 2137 1761 2401">
     <span class='ocr_line' id='line_1_27' title="bbox 229 2137 1750 2191; baseline 0.005 -14"><span class='ocrx_word' id='word_1_193' title='bbox 229 2137 283 2178; x_wconf 86' lang='lat' dir='ltr'>In</span> <span class='ocrx_word' id='word_1_194' title='bbox 315 2137 477 2191; x_wconf 89' lang='lat' dir='ltr'>primis</span> <span class='ocrx_word' id='word_1_195' title='bbox 499 2150 616 2178; x_wconf 88' lang='lat' dir='ltr'>vero</span> <span class='ocrx_word' id='word_1_196' title='bbox 651 2143 699 2177; x_wconf 88' lang='lat' dir='ltr'>et</span> <span class='ocrx_word' id='word_1_197' title='bbox 721 2138 931 2178; x_wconf 86' lang='lat' dir='ltr'>secundo</span> <span class='ocrx_word' id='word_1_198' title='bbox 957 2137 1198 2178; x_wconf 86' lang='lat' dir='ltr'>contrariis</span> <span class='ocrx_word' id='word_1_199' title='bbox 1219 2138 1343 2180; x_wconf 87' lang='lat' dir='ltr'>iacet</span> <span class='ocrx_word' id='word_1_200' title='bbox 1370 2139 1491 2180; x_wconf 87' lang='lat' dir='ltr'>fides</span> <span class='ocrx_word' id='word_1_201' title='bbox 1537 2149 1659 2189; x_wconf 72' lang='lat' dir='ltr'>Wyclif</span> <span class='ocrx_word' id='word_1_202' title='bbox 1676 2151 1750 2186; x_wconf 75' lang='lat' dir='ltr'>fully</span> 
     </span>
     <span class='ocr_line' id='line_1_28' title="bbox 172 2185 1751 2262; baseline 0 -14"><span class='ocrx_word' id='word_1_203' title='bbox 172 2208 419 2262; x_wconf 81' lang='lat' dir='ltr'>expellens</span> <span class='ocrx_word' id='word_1_204' title='bbox 452 2207 760 2249; x_wconf 86' lang='lat' dir='ltr'>formidinem.</span> <span class='ocrx_word' id='word_1_205' title='bbox 804 2207 859 2247; x_wconf 91' lang='lat' dir='ltr'>In</span> <span class='ocrx_word' id='word_1_206' title='bbox 891 2207 1057 2248; x_wconf 91' lang='lat' dir='ltr'>mediis</span> <span class='ocrx_word' id='word_1_207' title='bbox 1089 2221 1205 2248; x_wconf 87' lang='lat' dir='ltr'>vero</span> <span class='ocrx_word' id='word_1_208' title='bbox 1241 2208 1368 2249; x_wconf 88' lang='lat' dir='ltr'>cadit</span> <span class='ocrx_word' id='word_1_209' title='bbox 1400 2208 1488 2249; x_wconf 82' lang='lat' dir='ltr'>for·</span> <span class='ocrx_word' id='word_1_210' title='bbox 1533 2185 1751 2260; x_wconf 44' lang='lat' dir='ltr'>giiiicvliffistthiss</span> 
     </span>
     <span class='ocr_line' id='line_1_29' title="bbox 169 2254 1761 2332; baseline -0.001 -14"><span class='ocrx_word' id='word_1_211' title='bbox 169 2277 294 2318; x_wconf 90' lang='lat' dir='ltr'>mido</span> <span class='ocrx_word' id='word_1_212' title='bbox 327 2291 431 2319; x_wconf 88' lang='lat' dir='ltr'>cum</span> <span class='ocrx_word' id='word_1_213' title='bbox 462 2277 778 2331; x_wconf 88' lang='lat' dir='ltr'>prestanciori</span> <span class='ocrx_word' id='word_1_214' title='bbox 809 2277 888 2318; x_wconf 84' lang='lat' dir='ltr'>via</span> <span class='ocrx_word' id='word_1_215' title='bbox 925 2278 984 2317; x_wconf 90' lang='lat' dir='ltr'>ad</span> <span class='ocrx_word' id='word_1_216' title='bbox 1017 2279 1319 2332; x_wconf 80' lang='lat' dir='ltr'>credendum,</span> <span class='ocrx_word' id='word_1_217' title='bbox 1360 2284 1412 2319; x_wconf 89' lang='lat' dir='ltr'>ut</span> <span class='ocrx_word' id='word_1_218' title='bbox 1442 2278 1489 2318; x_wconf 91' lang='lat' dir='ltr'>in</span> <span class='ocrx_word' id='word_1_219' title='bbox 1522 2254 1761 2325; x_wconf 54' lang='lat' dir='ltr'>tffffscgssffitffissg}</span> 
     </span>
     <span class='ocr_line' id='line_1_30' title="bbox 170 2325 1714 2401; baseline 0.001 -14"><span class='ocrx_word' id='word_1_220' title='bbox 170 2348 320 2401; x_wconf 84' lang='lat' dir='ltr'>gradu</span> <span class='ocrx_word' id='word_1_221' title='bbox 351 2347 500 2388; x_wconf 87' lang='lat' dir='ltr'>tercio</span> <span class='ocrx_word' id='word_1_222' title='bbox 546 2352 624 2387; x_wconf 88' lang='lat' dir='ltr'>aut</span> <span class='ocrx_word' id='word_1_223' title='bbox 669 2360 772 2387; x_wconf 90' lang='lat' dir='ltr'>cum</span> <span class='ocrx_word' id='word_1_224' title='bbox 804 2347 1118 2400; x_wconf 83' lang='lat' dir='ltr'>prestanciori</span> <span class='ocrx_word' id='word_1_225' title='bbox 1152 2347 1398 2388; x_wconf 84' lang='lat' dir='ltr'>evidencia</span> <span class='ocrx_word' id='word_1_226' title='bbox 1430 2350 1489 2388; x_wconf 91' lang='lat' dir='ltr'>ad</span> <span class='ocrx_word' id='word_1_227' title='bbox 1581 2325 1714 2360; x_wconf 55' lang='lat' dir='ltr'>quooed⁵</span> 
     </span>
    </p>

    <p class='ocr_par' dir='ltr' id='par_1_9' title="bbox 115 2416 1493 2609">
     <span class='ocr_line' id='line_1_31' title="bbox 115 2416 1492 2470; baseline 0.001 -13"><span class='ocrx_word' id='word_1_228' title='bbox 115 2417 157 2449; x_wconf 79' lang='lat'>30</span> <span class='ocrx_word' id='word_1_229' title='bbox 173 2417 534 2457; x_wconf 88' lang='lat' dir='ltr'>discredendum</span> <span class='ocrx_word' id='word_1_230' title='bbox 566 2422 618 2457; x_wconf 90' lang='lat' dir='ltr'>ut</span> <span class='ocrx_word' id='word_1_231' title='bbox 637 2416 684 2456; x_wconf 90' lang='lat' dir='ltr'>in</span> <span class='ocrx_word' id='word_1_232' title='bbox 708 2417 857 2470; x_wconf 84' lang='lat' dir='ltr'>gradu</span> <span class='ocrx_word' id='word_1_233' title='bbox 887 2416 1062 2458; x_wconf 85' lang='lat' dir='ltr'>ultimo.</span> <span class='ocrx_word' id='word_1_234' title='bbox 1093 2416 1155 2456; x_wconf 89' lang='lat' dir='ltr'>Et</span> <span class='ocrx_word' id='word_1_235' title='bbox 1176 2416 1266 2457; x_wconf 88' lang='lat' dir='ltr'>ista</span> <span class='ocrx_word' id='word_1_236' title='bbox 1289 2422 1492 2470; x_wconf 89' lang='lat' dir='ltr'>quatuor</span> 
     </span>
     <span class='ocr_line' id='line_1_32' title="bbox 172 2486 1492 2540; baseline 0 -13"><span class='ocrx_word' id='word_1_237' title='bbox 172 2487 299 2540; x_wconf 91' lang='lat' dir='ltr'>apud</span> <span class='ocrx_word' id='word_1_238' title='bbox 349 2487 627 2539; x_wconf 82' lang='lat' dir='ltr'>theologum</span> <span class='ocrx_word' id='word_1_239' title='bbox 671 2491 781 2527; x_wconf 85' lang='lat' dir='ltr'>sunt</span> <span class='ocrx_word' id='word_1_240' title='bbox 822 2486 1047 2534; x_wconf 85' lang='lat' dir='ltr'>notanda;</span> <span class='ocrx_word' id='word_1_241' title='bbox 1098 2492 1212 2527; x_wconf 88' lang='lat' dir='ltr'>tunc</span> <span class='ocrx_word' id='word_1_242' title='bbox 1257 2486 1362 2527; x_wconf 88' lang='lat' dir='ltr'>dico</span> <span class='ocrx_word' id='word_1_243' title='bbox 1417 2500 1492 2527; x_wconf 91' lang='lat' dir='ltr'>me</span> 
     </span>
     <span class='ocr_line' id='line_1_33' title="bbox 173 2555 1493 2609; baseline 0 -12"><span class='ocrx_word' id='word_1_244' title='bbox 173 2557 369 2597; x_wconf 90' lang='lat' dir='ltr'>credere</span> <span class='ocrx_word' id='word_1_245' title='bbox 411 2556 459 2596; x_wconf 90' lang='lat' dir='ltr'>in</span> <span class='ocrx_word' id='word_1_246' title='bbox 502 2555 656 2609; x_wconf 89' lang='lat' dir='ltr'>primo</span> <span class='ocrx_word' id='word_1_247' title='bbox 702 2556 852 2609; x_wconf 85' lang='lat' dir='ltr'>gradu</span> <span class='ocrx_word' id='word_1_248' title='bbox 898 2556 1028 2609; x_wconf 88' lang='lat' dir='ltr'>quod</span> <span class='ocrx_word' id='word_1_249' title='bbox 1058 2555 1380 2597; x_wconf 87' lang='lat' dir='ltr'>Antichristus</span> <span class='ocrx_word' id='word_1_250' title='bbox 1420 2562 1493 2598; x_wconf 87' lang='lat' dir='ltr'>est</span> 
     </span>
    </p>
   </div>
   <div class='ocr_carea' id='block_1_3' title="bbox 170 2625 1066 2680">
    <p class='ocr_par' dir='ltr' id='par_1_10' title="bbox 170 2625 1066 2680">
     <span class='ocr_line' id='line_1_34' title="bbox 170 2625 1066 2680; baseline 0.001 -14"><span class='ocrx_word' id='word_1_251' title='bbox 170 2626 218 2666; x_wconf 88' lang='lat' dir='ltr'>in</span> <span class='ocrx_word' id='word_1_252' title='bbox 249 2625 476 2680; x_wconf 88' lang='lat' dir='ltr'>predictis</span> <span class='ocrx_word' id='word_1_253' title='bbox 508 2625 754 2679; x_wconf 88' lang='lat' dir='ltr'>scripturis</span> <span class='ocrx_word' id='word_1_254' title='bbox 788 2625 1066 2679; x_wconf 78' lang='lat' dir='ltr'>descriptus,</span> 
     </span>
    </p>
   </div>
   <div class='ocr_carea' id='block_1_4' title="bbox 172 2750 1491 2878">
    <p class='ocr_par' dir='ltr' id='par_1_11' title="bbox 172 2750 1491 2878">
     <span class='ocr_line' id='line_1_35' title="bbox 243 2750 1491 2791; baseline 0.001 -13"><span class='ocrx_word' id='word_1_255' title='bbox 243 2751 286 2779; x_wconf 83' lang='lat'>16.</span> <span class='ocrx_word' id='word_1_256' title='bbox 322 2750 422 2778; x_wconf 91' lang='lat' dir='ltr'>Codd.</span> <span class='ocrx_word' id='word_1_257' title='bbox 455 2751 486 2778; x_wconf 91' lang='lat' dir='ltr'>in</span> <span class='ocrx_word' id='word_1_258' title='bbox 518 2759 635 2791; x_wconf 64' lang='lat' dir='ltr'>marg.;</span> <span class='ocrx_word' id='word_1_259' title='bbox 669 2750 872 2778; x_wconf 73' lang='lat' dir='ltr'>concedenda</span> <span class='ocrx_word' id='word_1_260' title='bbox 909 2751 1092 2786; x_wconf 80' lang='lat' dir='ltr'>simpliciter</span> <span class='ocrx_word' id='word_1_261' title='bbox 1119 2751 1268 2787; x_wconf 75' lang='lat' dir='ltr'>neganda</span> <span class='ocrx_word' id='word_1_262' title='bbox 1302 2751 1491 2785; x_wconf 82' lang='lat' dir='ltr'>simpliciter.</span> 
     </span>
     <span class='ocr_line' id='line_1_36' title="bbox 174 2796 1491 2832; baseline -0.001 -7"><span class='ocrx_word' id='word_1_263' title='bbox 174 2806 219 2826; x_wconf 83' lang='lat'>20,</span> <span class='ocrx_word' id='word_1_264' title='bbox 244 2796 344 2824; x_wconf 54' lang='lat' dir='ltr'>ded.</span> <span class='ocrx_word' id='word_1_265' title='bbox 366 2797 396 2824; x_wconf 66' lang='lat' dir='ltr'>i‘n</span> <span class='ocrx_word' id='word_1_266' title='bbox 421 2805 536 2832; x_wconf 72' lang='lat' dir='ltr'>marg:</span> <span class='ocrx_word' id='word_1_267' title='bbox 565 2797 739 2824; x_wconf 79' lang='lat' dir='ltr'>Asserenda</span> <span class='ocrx_word' id='word_1_268' title='bbox 761 2797 928 2832; x_wconf 79' lang='lat' dir='ltr'>probatur.</span> <span class='ocrx_word' id='word_1_269' title='bbox 1004 2796 1052 2824; x_wconf 84' lang='lat'>32.</span> <span class='ocrx_word' id='word_1_270' title='bbox 1077 2796 1175 2824; x_wconf 83' lang='lat' dir='ltr'>Codd.</span> <span class='ocrx_word' id='word_1_271' title='bbox 1204 2797 1234 2824; x_wconf 87' lang='lat' dir='ltr'>in</span> <span class='ocrx_word' id='word_1_272' title='bbox 1262 2805 1377 2832; x_wconf 62' lang='lat' dir='ltr'>marg:</span> <span class='ocrx_word' id='word_1_273' title='bbox 1405 2798 1491 2824; x_wconf 77' lang='lat' dir='ltr'>Anti-</span> 
     </span>
     <span class='ocr_line' id='line_1_37' title="bbox 172 2843 464 2878; baseline 0.003 -8"><span class='ocrx_word' id='word_1_274' title='bbox 172 2843 305 2871; x_wconf 73' lang='lat' dir='ltr'>christus</span> <span class='ocrx_word' id='word_1_275' title='bbox 325 2844 393 2878; x_wconf 78' lang='lat' dir='ltr'>quis</span> <span class='ocrx_word' id='word_1_276' title='bbox 412 2846 464 2871; x_wconf 78' lang='lat' dir='ltr'>est.</span> 
     </span>
    </p>
   </div>
   <div class='ocr_carea' id='block_1_5' title="bbox 242 2913 576 2954">
    <p class='ocr_par' dir='ltr' id='par_1_12' title="bbox 242 2913 576 2954">
     <span class='ocr_line' id='line_1_38' title="bbox 242 2913 576 2954; baseline 0 -9"><span class='ocrx_word' id='word_1_277' title='bbox 242 2914 272 2946; x_wconf 82' lang='lat'>6.</span> <span class='ocrx_word' id='word_1_278' title='bbox 300 2915 323 2945; x_wconf 90' lang='lat'>1.</span> <span class='ocrx_word' id='word_1_279' title='bbox 349 2914 427 2947; x_wconf 82' lang='lat' dir='ltr'>Joh.</span> <span class='ocrx_word' id='word_1_280' title='bbox 456 2915 494 2954; x_wconf 89' lang='lat'>11,</span> <span class='ocrx_word' id='word_1_281' title='bbox 527 2913 576 2946; x_wconf 87' lang='lat'>18.</span> 
     </span>
    </p>
   </div>
  </div>
 </body>
</html>
