<?xml version="1.0" encoding="UTF-8"?>
<!DOCTYPE html PUBLIC "-//W3C//DTD XHTML 1.0 Transitional//EN"
    "http://www.w3.org/TR/xhtml1/DTD/xhtml1-transitional.dtd">
<html xmlns="http://www.w3.org/1999/xhtml" xml:lang="en" lang="en">
 <head>
  <title>
</title>
<meta http-equiv="Content-Type" content="text/html;charset=utf-8" />
  <meta name='ocr-system' content='tesseract 3.04.00' />
  <meta name='ocr-capabilities' content='ocr_page ocr_carea ocr_par ocr_line ocrx_word'/>
</head>
<body>
  <div class='ocr_page' id='page_1' title='image "./tractatusdepotes00wycl_0180.png"; bbox 0 0 2078 3338; ppageno 0'>
   <div class='ocr_carea' id='block_1_1' title="bbox 253 256 1847 314">
    <p class='ocr_par' dir='ltr' id='par_1_1' title="bbox 253 256 1847 314">
     <span class='ocr_line' id='line_1_1' title="bbox 253 256 1847 314; baseline -0.006 -10"><span class='ocrx_word' id='word_1_1' title='bbox 253 278 268 304; x_wconf 90' lang='lat'>1</span> <span class='ocrx_word' id='word_1_2' title='bbox 283 267 330 304; x_wconf 86' lang='lat'>18</span> <span class='ocrx_word' id='word_1_3' title='bbox 972 271 1195 304; x_wconf 78' lang='lat' dir='ltr'>JOHANle</span> <span class='ocrx_word' id='word_1_4' title='bbox 1219 270 1408 302; x_wconf 83' lang='lat' dir='ltr'>WYCLIF</span> <span class='ocrx_word' id='word_1_5' title='bbox 1672 256 1778 314; x_wconf 86' lang='lat' dir='ltr'>[CAP.</span> <span class='ocrx_word' id='word_1_6' title='bbox 1793 267 1847 295; x_wconf 90' lang='lat' dir='ltr'>VI.</span> 
     </span>
    </p>
   </div>
   <div class='ocr_carea' id='block_1_2' title="bbox 263 374 1887 776">
    <p class='ocr_par' dir='ltr' id='par_1_2' title="bbox 263 374 1887 776">
     <span class='ocr_line' id='line_1_2' title="bbox 540 374 1852 430; baseline -0.003 -13"><span class='ocrx_word' id='word_1_7' title='bbox 540 391 643 417; x_wconf 91' lang='lat' dir='ltr'>cum</span> <span class='ocrx_word' id='word_1_8' title='bbox 675 376 919 430; x_wconf 78' lang='lat' dir='ltr'>apostolis,</span> <span class='ocrx_word' id='word_1_9' title='bbox 965 375 1223 416; x_wconf 89' lang='lat' dir='ltr'>ostendunt</span> <span class='ocrx_word' id='word_1_10' title='bbox 1259 388 1311 415; x_wconf 91' lang='lat' dir='ltr'>se</span> <span class='ocrx_word' id='word_1_11' title='bbox 1344 374 1680 427; x_wconf 78' lang='lat' dir='ltr'>dampnabiles,</span> <span class='ocrx_word' id='word_1_12' title='bbox 1725 374 1852 427; x_wconf 90' lang='lat' dir='ltr'>quod</span> 
     </span>
     <span class='ocr_line' id='line_1_3' title="bbox 539 441 1853 498; baseline -0.003 -11"><span class='ocrx_word' id='word_1_13' title='bbox 539 446 736 487; x_wconf 81' lang='lat' dir='ltr'>ociando</span> <span class='ocrx_word' id='word_1_14' title='bbox 781 451 960 486; x_wconf 89' lang='lat' dir='ltr'>tantum</span> <span class='ocrx_word' id='word_1_15' title='bbox 1000 444 1090 485; x_wconf 89' lang='lat' dir='ltr'>illis</span> <span class='ocrx_word' id='word_1_16' title='bbox 1121 444 1441 498; x_wconf 78' lang='lat' dir='ltr'>potestatibus</span> <span class='ocrx_word' id='word_1_17' title='bbox 1486 445 1749 484; x_wconf 87' lang='lat' dir='ltr'>abutuntur.</span> <span class='ocrx_word' id='word_1_18' title='bbox 1802 441 1853 484; x_wconf 85' lang='lat' dir='ltr'>Si</span> 
     </span>
     <span class='ocr_line' id='line_1_4' title="bbox 539 513 1852 569; baseline -0.003 -13"><span class='ocrx_word' id='word_1_19' title='bbox 539 522 695 557; x_wconf 89' lang='lat' dir='ltr'>autem</span> <span class='ocrx_word' id='word_1_20' title='bbox 725 521 991 569; x_wconf 84' lang='lat' dir='ltr'>potestates</span> <span class='ocrx_word' id='word_1_21' title='bbox 1034 519 1247 555; x_wconf 87' lang='lat' dir='ltr'>terrenas</span> <span class='ocrx_word' id='word_1_22' title='bbox 1278 513 1530 554; x_wconf 85' lang='lat' dir='ltr'>habuerint</span> <span class='ocrx_word' id='word_1_23' title='bbox 1566 526 1710 567; x_wconf 87' lang='lat' dir='ltr'>supra</span> <span class='ocrx_word' id='word_1_24' title='bbox 1742 526 1852 566; x_wconf 90' lang='lat' dir='ltr'>apo-</span> 
     </span>
     <span class='ocr_line' id='line_1_5' title="bbox 538 582 1853 637; baseline -0.004 -10"><span class='ocrx_word' id='word_1_25' title='bbox 538 588 702 637; x_wconf 87' lang='lat' dir='ltr'>stolos,</span> <span class='ocrx_word' id='word_1_26' title='bbox 724 587 816 626; x_wconf 91' lang='lat' dir='ltr'>hoc</span> <span class='ocrx_word' id='word_1_27' title='bbox 829 585 946 625; x_wconf 88' lang='lat' dir='ltr'>false</span> <span class='ocrx_word' id='word_1_28' title='bbox 970 589 1017 625; x_wconf 87' lang='lat' dir='ltr'>et</span> <span class='ocrx_word' id='word_1_29' title='bbox 1034 583 1381 625; x_wconf 88' lang='lat' dir='ltr'>antichristiane</span> <span class='ocrx_word' id='word_1_30' title='bbox 1402 584 1579 623; x_wconf 90' lang='lat' dir='ltr'>habent</span> <span class='ocrx_word' id='word_1_31' title='bbox 1603 582 1853 637; x_wconf 87' lang='lat' dir='ltr'>aprincipe</span> 
     </span>
     <span class='ocr_line' id='line_1_6' title="bbox 538 655 1887 697; baseline -0.004 -1"><span class='ocrx_word' id='word_1_32' title='bbox 538 656 698 697; x_wconf 89' lang='lat' dir='ltr'>mundi</span> <span class='ocrx_word' id='word_1_33' title='bbox 727 655 877 696; x_wconf 90' lang='lat' dir='ltr'>huius.</span> <span class='ocrx_word' id='word_1_34' title='bbox 1871 659 1887 691; x_wconf 83' lang='lat'><strong>5</strong></span> 
     </span>
     <span class='ocr_line' id='line_1_7' title="bbox 263 722 1857 776; baseline -0.004 -8"><span class='ocrx_word' id='word_1_35' title='bbox 263 723 428 759; x_wconf 87' lang='lat' dir='ltr'>Apontiff</span> <span class='ocrx_word' id='word_1_36' title='bbox 442 723 513 750; x_wconf 86' lang='lat' dir='ltr'>who</span> <span class='ocrx_word' id='word_1_37' title='bbox 598 725 782 767; x_wconf 84' lang='lat' dir='ltr'>Octava</span> <span class='ocrx_word' id='word_1_38' title='bbox 825 723 1069 764; x_wconf 86' lang='lat' dir='ltr'>sentencia</span> <span class='ocrx_word' id='word_1_39' title='bbox 1115 728 1206 764; x_wconf 87' lang='lat' dir='ltr'>est:</span> <span class='ocrx_word' id='word_1_40' title='bbox 1248 723 1468 763; x_wconf 87' lang='lat' dir='ltr'>Romano</span> <span class='ocrx_word' id='word_1_41' title='bbox 1512 723 1736 776; x_wconf 87' lang='lat' dir='ltr'>pontifice</span> <span class='ocrx_word' id='word_1_42' title='bbox 1779 722 1857 762; x_wconf 86' lang='lat' dir='ltr'>vel</span> 
     </span>
    </p>
   </div>
   <div class='ocr_carea' id='block_1_3' title="bbox 314 759 472 786">
    <p class='ocr_par' dir='ltr' id='par_1_3' title="bbox 314 759 472 786">
     <span class='ocr_line' id='line_1_8' title="bbox 314 759 472 786; baseline -0.013 0"><span class='ocrx_word' id='word_1_43' title='bbox 314 759 472 786; x_wconf 64' lang='lat' dir='ltr'>dahnsto</span> 
     </span>
    </p>
   </div>
   <div class='ocr_carea' id='block_1_4' title="bbox 287 792 1857 856">
    <p class='ocr_par' dir='ltr' id='par_1_4' title="bbox 287 792 1857 856">
     <span class='ocr_line' id='line_1_9' title="bbox 287 792 1857 856; baseline -0.003 -20"><span class='ocrx_word' id='word_1_44' title='bbox 287 793 491 856; x_wconf 46' lang='grc' dir='ltr'>ὅξοξΐῇξῇῗέξθ</span> <span class='ocrx_word' id='word_1_45' title='bbox 541 808 840 850; x_wconf 86' lang='lat' dir='ltr'>quocumque</span> <span class='ocrx_word' id='word_1_46' title='bbox 894 793 982 834; x_wconf 90' lang='lat' dir='ltr'>alio</span> <span class='ocrx_word' id='word_1_47' title='bbox 1025 793 1239 847; x_wconf 90' lang='lat' dir='ltr'>fingente</span> <span class='ocrx_word' id='word_1_48' title='bbox 1284 806 1336 833; x_wconf 88' lang='lat' dir='ltr'>se</span> <span class='ocrx_word' id='word_1_49' title='bbox 1387 806 1556 847; x_wconf 84' lang='lat' dir='ltr'>gerere</span> <span class='ocrx_word' id='word_1_50' title='bbox 1606 792 1857 846; x_wconf 88' lang='lat' dir='ltr'>primatum</span> 
     </span>
    </p>
   </div>
   <div class='ocr_carea' id='block_1_5' title="bbox 249 861 1984 2387">
    <p class='ocr_par' dir='ltr' id='par_1_5' title="bbox 249 861 1984 2387">
     <span class='ocr_line' id='line_1_10' title="bbox 249 861 1859 925; baseline -0.004 -18"><span class='ocrx_word' id='word_1_51' title='bbox 249 863 526 925; x_wconf 44' lang='grc' dir='ltr'>Ῑὶῗζζὲὲνξξξξζνξξ</span> <span class='ocrx_word' id='word_1_52' title='bbox 540 865 713 906; x_wconf 87' lang='lat' dir='ltr'>vicarie</span> <span class='ocrx_word' id='word_1_53' title='bbox 744 863 997 918; x_wconf 87' lang='lat' dir='ltr'>potestatis</span> <span class='ocrx_word' id='word_1_54' title='bbox 1022 862 1194 903; x_wconf 88' lang='lat' dir='ltr'>Christi</span> <span class='ocrx_word' id='word_1_55' title='bbox 1222 862 1271 902; x_wconf 94' lang='lat' dir='ltr'>in</span> <span class='ocrx_word' id='word_1_56' title='bbox 1301 862 1452 913; x_wconf 86' lang='lat' dir='ltr'>terris,</span> <span class='ocrx_word' id='word_1_57' title='bbox 1485 864 1540 903; x_wconf 89' lang='lat' dir='ltr'>ab</span> <span class='ocrx_word' id='word_1_58' title='bbox 1572 862 1671 903; x_wconf 89' lang='lat' dir='ltr'>eius</span> <span class='ocrx_word' id='word_1_59' title='bbox 1693 861 1859 902; x_wconf 90' lang='lat' dir='ltr'>semita</span> 
     </span>
     <span class='ocr_line' id='line_1_11' title="bbox 290 931 1858 986; baseline -0.003 -10"><span class='ocrx_word' id='word_1_60' title='bbox 290 932 490 960; x_wconf 86' lang='lat' dir='ltr'>Antichrists.</span> <span class='ocrx_word' id='word_1_61' title='bbox 541 935 807 975; x_wconf 87' lang='lat' dir='ltr'>declinante</span> <span class='ocrx_word' id='word_1_62' title='bbox 866 934 1125 974; x_wconf 85' lang='lat' dir='ltr'>secundum</span> <span class='ocrx_word' id='word_1_63' title='bbox 1176 945 1366 973; x_wconf 90' lang='lat' dir='ltr'>sensum</span> <span class='ocrx_word' id='word_1_64' title='bbox 1423 932 1656 986; x_wconf 87' lang='lat' dir='ltr'>scripture</span> <span class='ocrx_word' id='word_1_65' title='bbox 1706 931 1858 972; x_wconf 90' lang='lat' dir='ltr'>nullus</span> 
     </span>
     <span class='ocr_line' id='line_1_12' title="bbox 540 1002 1916 1058; baseline -0.003 -14"><span class='ocrx_word' id='word_1_66' title='bbox 540 1004 727 1058; x_wconf 91' lang='lat' dir='ltr'>plenius</span> <span class='ocrx_word' id='word_1_67' title='bbox 759 1004 837 1044; x_wconf 87' lang='lat' dir='ltr'>vel</span> <span class='ocrx_word' id='word_1_68' title='bbox 868 1002 1182 1057; x_wconf 90' lang='lat' dir='ltr'>periculosius</span> <span class='ocrx_word' id='word_1_69' title='bbox 1214 1002 1339 1056; x_wconf 91' lang='lat' dir='ltr'>gerit</span> <span class='ocrx_word' id='word_1_70' title='bbox 1361 1003 1419 1042; x_wconf 91' lang='lat' dir='ltr'>de</span> <span class='ocrx_word' id='word_1_71' title='bbox 1450 1003 1576 1043; x_wconf 85' lang='lat' dir='ltr'>facto</span> <span class='ocrx_word' id='word_1_72' title='bbox 1609 1015 1780 1042; x_wconf 90' lang='lat' dir='ltr'>nomen</span> <span class='ocrx_word' id='word_1_73' title='bbox 1812 1007 1860 1042; x_wconf 90' lang='lat' dir='ltr'>et</span> <span class='ocrx_word' id='word_1_74' title='bbox 1879 1017 1916 1038; x_wconf 90' lang='lat'>10</span> 
     </span>
     <span class='ocr_line' id='line_1_13' title="bbox 542 1071 1860 1127; baseline -0.002 -13"><span class='ocrx_word' id='word_1_75' title='bbox 542 1087 689 1127; x_wconf 90' lang='lat' dir='ltr'>opera</span> <span class='ocrx_word' id='word_1_76' title='bbox 702 1073 993 1114; x_wconf 87' lang='lat' dir='ltr'>Antichristi.</span> <span class='ocrx_word' id='word_1_77' title='bbox 1008 1072 1103 1112; x_wconf 89' lang='lat' dir='ltr'>Pro</span> <span class='ocrx_word' id='word_1_78' title='bbox 1128 1072 1451 1112; x_wconf 90' lang='lat' dir='ltr'>declaracione</span> <span class='ocrx_word' id='word_1_79' title='bbox 1464 1071 1601 1113; x_wconf 88' lang='lat' dir='ltr'>istius</span> <span class='ocrx_word' id='word_1_80' title='bbox 1619 1071 1860 1113; x_wconf 87' lang='lat' dir='ltr'>sentencie</span> 
     </span>
     <span class='ocr_line' id='line_1_14' title="bbox 540 1141 1861 1195; baseline -0.002 -11"><span class='ocrx_word' id='word_1_81' title='bbox 540 1144 794 1184; x_wconf 87' lang='lat' dir='ltr'>notandum</span> <span class='ocrx_word' id='word_1_82' title='bbox 828 1148 900 1183; x_wconf 88' lang='lat' dir='ltr'>est</span> <span class='ocrx_word' id='word_1_83' title='bbox 930 1141 1082 1195; x_wconf 89' lang='lat' dir='ltr'>primo</span> <span class='ocrx_word' id='word_1_84' title='bbox 1125 1143 1384 1182; x_wconf 89' lang='lat' dir='ltr'>secundum</span> <span class='ocrx_word' id='word_1_85' title='bbox 1415 1142 1603 1182; x_wconf 88' lang='lat' dir='ltr'>modum</span> <span class='ocrx_word' id='word_1_86' title='bbox 1634 1141 1861 1195; x_wconf 89' lang='lat' dir='ltr'>loquendi</span> 
     </span>
     <span class='ocr_line' id='line_1_15' title="bbox 543 1210 1862 1267; baseline -0.002 -13"><span class='ocrx_word' id='word_1_87' title='bbox 543 1213 797 1267; x_wconf 85' lang='lat' dir='ltr'>scripture:</span> <span class='ocrx_word' id='word_1_88' title='bbox 838 1212 980 1265; x_wconf 77' lang='lat' dir='ltr'>Quod</span> <span class='ocrx_word' id='word_1_89' title='bbox 1013 1212 1297 1265; x_wconf 89' lang='lat' dir='ltr'>quicumque</span> <span class='ocrx_word' id='word_1_90' title='bbox 1330 1217 1404 1252; x_wconf 90' lang='lat' dir='ltr'>est</span> <span class='ocrx_word' id='word_1_91' title='bbox 1437 1211 1623 1252; x_wconf 88' lang='lat' dir='ltr'>Christo</span> <span class='ocrx_word' id='word_1_92' title='bbox 1655 1212 1735 1252; x_wconf 87' lang='lat' dir='ltr'>vel</span> <span class='ocrx_word' id='word_1_93' title='bbox 1764 1210 1862 1266; x_wconf 88' lang='lat' dir='ltr'>legi</span> 
     </span>
     <span class='ocr_line' id='line_1_16' title="bbox 543 1281 1864 1336; baseline -0.002 -12"><span class='ocrx_word' id='word_1_94' title='bbox 543 1297 627 1324; x_wconf 92' lang='lat' dir='ltr'>sue</span> <span class='ocrx_word' id='word_1_95' title='bbox 661 1283 936 1336; x_wconf 78' lang='lat' dir='ltr'>contrarius,</span> <span class='ocrx_word' id='word_1_96' title='bbox 970 1282 1138 1322; x_wconf 90' lang='lat' dir='ltr'>dicitur</span> <span class='ocrx_word' id='word_1_97' title='bbox 1160 1281 1493 1333; x_wconf 83' lang='lat' dir='ltr'>Antichristus,</span> <span class='ocrx_word' id='word_1_98' title='bbox 1527 1287 1574 1322; x_wconf 91' lang='lat' dir='ltr'>et</span> <span class='ocrx_word' id='word_1_99' title='bbox 1605 1283 1864 1322; x_wconf 87' lang='lat' dir='ltr'>concordat</span> 
     </span>
     <span class='ocr_line' id='line_1_17' title="bbox 541 1351 1917 1406; baseline -0.001 -12"><span class='ocrx_word' id='word_1_100' title='bbox 541 1353 734 1394; x_wconf 89' lang='lat' dir='ltr'>literalis</span> <span class='ocrx_word' id='word_1_101' title='bbox 768 1352 1071 1406; x_wconf 82' lang='lat' dir='ltr'>composicio,</span> <span class='ocrx_word' id='word_1_102' title='bbox 1113 1365 1216 1391; x_wconf 91' lang='lat' dir='ltr'>cum</span> <span class='ocrx_word' id='word_1_103' title='bbox 1248 1351 1567 1392; x_wconf 85' lang='lat' dir='ltr'>Antichristus</span> <span class='ocrx_word' id='word_1_104' title='bbox 1601 1351 1771 1392; x_wconf 86' lang='lat' dir='ltr'>dicitur</span> <span class='ocrx_word' id='word_1_105' title='bbox 1802 1352 1860 1392; x_wconf 91' lang='lat' dir='ltr'>ab</span> <span class='ocrx_word' id='word_1_106' title='bbox 1881 1356 1917 1387; x_wconf 71' lang='lat'>15</span> 
     </span>
     <span class='ocr_line' id='line_1_18' title="bbox 542 1421 1863 1477; baseline -0.002 -13"><span class='ocrx_word' id='word_1_107' title='bbox 542 1424 653 1475; x_wconf 75' lang='lat' dir='ltr'>anti,</span> <span class='ocrx_word' id='word_1_108' title='bbox 697 1424 827 1477; x_wconf 89' lang='lat' dir='ltr'>quod</span> <span class='ocrx_word' id='word_1_109' title='bbox 872 1428 945 1463; x_wconf 89' lang='lat' dir='ltr'>est</span> <span class='ocrx_word' id='word_1_110' title='bbox 987 1426 1158 1475; x_wconf 69' lang='lat' dir='ltr'>contra,</span> <span class='ocrx_word' id='word_1_111' title='bbox 1205 1426 1253 1461; x_wconf 88' lang='lat' dir='ltr'>et</span> <span class='ocrx_word' id='word_1_112' title='bbox 1286 1421 1497 1462; x_wconf 87' lang='lat' dir='ltr'>Christus</span> <span class='ocrx_word' id='word_1_113' title='bbox 1530 1421 1663 1475; x_wconf 88' lang='lat' dir='ltr'>quasi</span> <span class='ocrx_word' id='word_1_114' title='bbox 1701 1426 1863 1462; x_wconf 84' lang='lat' dir='ltr'>contra</span> 
     </span>
     <span class='ocr_line' id='line_1_19' title="bbox 545 1491 1863 1545; baseline -0.002 -11"><span class='ocrx_word' id='word_1_115' title='bbox 545 1493 790 1534; x_wconf 90' lang='lat' dir='ltr'>Christum.</span> <span class='ocrx_word' id='word_1_116' title='bbox 841 1493 903 1533; x_wconf 87' lang='lat' dir='ltr'>Et</span> <span class='ocrx_word' id='word_1_117' title='bbox 939 1492 1031 1533; x_wconf 88' lang='lat' dir='ltr'>isto</span> <span class='ocrx_word' id='word_1_118' title='bbox 1064 1492 1206 1532; x_wconf 91' lang='lat' dir='ltr'>modo</span> <span class='ocrx_word' id='word_1_119' title='bbox 1238 1492 1449 1545; x_wconf 88' lang='lat' dir='ltr'>loquitur</span> <span class='ocrx_word' id='word_1_120' title='bbox 1479 1491 1786 1545; x_wconf 85' lang='lat' dir='ltr'>Evangelista</span> <span class='ocrx_word' id='word_1_121' title='bbox 1814 1491 1863 1531; x_wconf 91' lang='lat' dir='ltr'>in</span> 
     </span>
     <span class='ocr_line' id='line_1_20' title="bbox 543 1561 1863 1617; baseline -0.002 -14"><span class='ocrx_word' id='word_1_122' title='bbox 543 1563 692 1617; x_wconf 89' lang='lat' dir='ltr'>prima</span> <span class='ocrx_word' id='word_1_123' title='bbox 725 1562 924 1617; x_wconf 90' lang='lat' dir='ltr'>epistola</span> <span class='ocrx_word' id='word_1_124' title='bbox 956 1575 1040 1603; x_wconf 90' lang='lat' dir='ltr'>sua</span> <span class='ocrx_word' id='word_1_125' title='bbox 1072 1562 1299 1603; x_wconf 90' lang='lat' dir='ltr'>canonica</span> <span class='ocrx_word' id='word_1_126' title='bbox 1330 1561 1378 1601; x_wconf 90' lang='grc' dir='ltr'>Π</span> <span class='ocrx_word' id='word_1_127' title='bbox 1410 1575 1510 1615; x_wconf 90' lang='lat' dir='ltr'>cap.</span> <span class='ocrx_word' id='word_1_128' title='bbox 1549 1565 1616 1602; x_wconf 88' lang='lat'>18:</span> <span class='ocrx_word' id='word_1_129' title='bbox 1657 1561 1713 1602; x_wconf 80' lang='lat' dir='ltr'>Et</span> <span class='ocrx_word' id='word_1_130' title='bbox 1747 1562 1863 1602; x_wconf 74' lang='lat' dir='ltr'>sicut</span> 
     </span>
     <span class='ocr_line' id='line_1_21' title="bbox 543 1632 1862 1687; baseline -0.002 -13"><span class='ocrx_word' id='word_1_131' title='bbox 543 1634 754 1684; x_wconf 74' lang='lat' dir='ltr'>audistis,</span> <span class='ocrx_word' id='word_1_132' title='bbox 784 1632 949 1687; x_wconf 76' lang='lat' dir='ltr'>inquit,</span> <span class='ocrx_word' id='word_1_133' title='bbox 980 1634 1088 1685; x_wconf 77' lang='lat' dir='ltr'>quia</span> <span class='ocrx_word' id='word_1_134' title='bbox 1109 1632 1414 1673; x_wconf 75' lang='lat' dir='ltr'>Antichristus</span> <span class='ocrx_word' id='word_1_135' title='bbox 1426 1632 1555 1685; x_wconf 74' lang='lat' dir='ltr'>veuit,</span> <span class='ocrx_word' id='word_1_136' title='bbox 1586 1644 1707 1673; x_wconf 73' lang='lat' dir='ltr'>nunc</span> <span class='ocrx_word' id='word_1_137' title='bbox 1725 1632 1862 1673; x_wconf 74' lang='lat' dir='ltr'>Anti-</span> 
     </span>
     <span class='ocr_line' id='line_1_22' title="bbox 543 1698 1921 1755; baseline -0.004 -11"><span class='ocrx_word' id='word_1_138' title='bbox 543 1704 700 1744; x_wconf 71' lang='lat' dir='ltr'>christi</span> <span class='ocrx_word' id='word_1_139' title='bbox 736 1704 872 1744; x_wconf 71' lang='lat' dir='ltr'>multi</span> <span class='ocrx_word' id='word_1_140' title='bbox 891 1703 1013 1755; x_wconf 76' lang='lat' dir='ltr'>facti</span> <span class='ocrx_word' id='word_1_141' title='bbox 1048 1706 1165 1744; x_wconf 74' lang='lat' dir='ltr'>sunt.</span> <span class='ocrx_word' id='word_1_142' title='bbox 1208 1702 1271 1743; x_wconf 88' lang='lat' dir='ltr'>Et</span> <span class='ocrx_word' id='word_1_143' title='bbox 1299 1702 1405 1743; x_wconf 87' lang='lat' dir='ltr'>illos</span> <span class='ocrx_word' id='word_1_144' title='bbox 1440 1707 1578 1742; x_wconf 84' lang='lat' dir='ltr'>vocat</span> <span class='ocrx_word' id='word_1_145' title='bbox 1611 1700 1822 1742; x_wconf 86' lang='lat' dir='ltr'>Christus</span> <span class='ocrx_word' id='word_1_146' title='bbox 1857 1698 1921 1755; x_wconf 73' lang='grc' dir='ltr'>Ι2ο</span> 
     </span>
     <span class='ocr_line' id='line_1_23' title="bbox 544 1770 1984 1826; baseline -0.003 -14"><span class='ocrx_word' id='word_1_147' title='bbox 544 1773 710 1813; x_wconf 88' lang='lat' dir='ltr'>Matth.</span> <span class='ocrx_word' id='word_1_148' title='bbox 743 1772 920 1813; x_wconf 85' lang='lat' dir='ltr'>XXIV</span> <span class='ocrx_word' id='word_1_149' title='bbox 955 1786 1053 1826; x_wconf 88' lang='lat' dir='ltr'>cap.</span> <span class='ocrx_word' id='word_1_150' title='bbox 1081 1773 1449 1813; x_wconf 73' lang='lat' dir='ltr'>Pseudochm‘stos</span> <span class='ocrx_word' id='word_1_151' title='bbox 1478 1785 1506 1812; x_wconf 92' lang='lat' dir='ltr'>a</span> <span class='ocrx_word' id='word_1_152' title='bbox 1529 1772 1703 1825; x_wconf 74' lang='lat' dir='ltr'>pseudo</span> <span class='ocrx_word' id='word_1_153' title='bbox 1736 1770 1865 1823; x_wconf 88' lang='lat' dir='ltr'>quod</span> <span class='ocrx_word' id='word_1_154' title='bbox 1907 1773 1984 1819; x_wconf 82' lang='lat' dir='ltr'>190b</span> 
     </span>
     <span class='ocr_line' id='line_1_24' title="bbox 544 1839 1866 1896; baseline -0.002 -14"><span class='ocrx_word' id='word_1_155' title='bbox 544 1842 688 1883; x_wconf 89' lang='lat' dir='ltr'>latine</span> <span class='ocrx_word' id='word_1_156' title='bbox 720 1842 890 1883; x_wconf 89' lang='lat' dir='ltr'>dicitur</span> <span class='ocrx_word' id='word_1_157' title='bbox 920 1842 1065 1883; x_wconf 83' lang='lat' dir='ltr'>falsus</span> <span class='ocrx_word' id='word_1_158' title='bbox 1097 1842 1176 1883; x_wconf 88' lang='lat' dir='ltr'>vel</span> <span class='ocrx_word' id='word_1_159' title='bbox 1197 1842 1454 1896; x_wconf 87' lang='lat' dir='ltr'>decipiens,</span> <span class='ocrx_word' id='word_1_160' title='bbox 1488 1847 1536 1882; x_wconf 91' lang='lat' dir='ltr'>et</span> <span class='ocrx_word' id='word_1_161' title='bbox 1567 1841 1634 1881; x_wconf 90' lang='lat' dir='ltr'>sic</span> <span class='ocrx_word' id='word_1_162' title='bbox 1667 1839 1866 1894; x_wconf 89' lang='lat' dir='ltr'>quilibet</span> 
     </span>
     <span class='ocr_line' id='line_1_25' title="bbox 549 1908 1865 1965; baseline -0.002 -13"><span class='ocrx_word' id='word_1_163' title='bbox 549 1912 783 1965; x_wconf 87' lang='lat' dir='ltr'>dyabolus</span> <span class='ocrx_word' id='word_1_164' title='bbox 826 1913 905 1953; x_wconf 84' lang='lat' dir='ltr'>vel</span> <span class='ocrx_word' id='word_1_165' title='bbox 947 1914 1210 1953; x_wconf 90' lang='lat' dir='ltr'>membrum</span> <span class='ocrx_word' id='word_1_166' title='bbox 1254 1912 1355 1953; x_wconf 91' lang='lat' dir='ltr'>eius</span> <span class='ocrx_word' id='word_1_167' title='bbox 1401 1917 1474 1952; x_wconf 89' lang='lat' dir='ltr'>est</span> <span class='ocrx_word' id='word_1_168' title='bbox 1516 1911 1704 1951; x_wconf 90' lang='lat' dir='ltr'>realiter</span> <span class='ocrx_word' id='word_1_169' title='bbox 1755 1908 1865 1950; x_wconf 90' lang='lat' dir='ltr'>anti-</span> 
     </span>
     <span class='ocr_line' id='line_1_26' title="bbox 549 1979 1865 2034; baseline -0.002 -12"><span class='ocrx_word' id='word_1_170' title='bbox 549 1981 762 2023; x_wconf 88' lang='lat' dir='ltr'>christus.</span> <span class='ocrx_word' id='word_1_171' title='bbox 793 1982 936 2023; x_wconf 90' lang='lat' dir='ltr'>Unde</span> <span class='ocrx_word' id='word_1_172' title='bbox 958 1982 1147 2023; x_wconf 83' lang='lat' dir='ltr'>videtur</span> <span class='ocrx_word' id='word_1_173' title='bbox 1167 1982 1309 2023; x_wconf 88' lang='lat' dir='ltr'>michi</span> <span class='ocrx_word' id='word_1_174' title='bbox 1343 1982 1450 2022; x_wconf 90' lang='lat' dir='ltr'>illos</span> <span class='ocrx_word' id='word_1_175' title='bbox 1475 1994 1580 2022; x_wconf 90' lang='lat' dir='ltr'>esse</span> <span class='ocrx_word' id='word_1_176' title='bbox 1605 1979 1865 2034; x_wconf 87' lang='lat' dir='ltr'>culpandos</span> 
     </span>
     <span class='ocr_line' id='line_1_27' title="bbox 548 2049 1922 2106; baseline -0.004 -13"><span class='ocrx_word' id='word_1_177' title='bbox 548 2052 629 2105; x_wconf 86' lang='lat' dir='ltr'>qui</span> <span class='ocrx_word' id='word_1_178' title='bbox 649 2058 814 2106; x_wconf 87' lang='lat' dir='ltr'>preter</span> <span class='ocrx_word' id='word_1_179' title='bbox 843 2052 1171 2093; x_wconf 88' lang='lat' dir='ltr'>auctoritatem</span> <span class='ocrx_word' id='word_1_180' title='bbox 1194 2052 1428 2106; x_wconf 87' lang='lat' dir='ltr'>scripture</span> <span class='ocrx_word' id='word_1_181' title='bbox 1451 2050 1716 2104; x_wconf 84' lang='lat' dir='ltr'>sompniant</span> <span class='ocrx_word' id='word_1_182' title='bbox 1739 2049 1867 2103; x_wconf 88' lang='lat' dir='ltr'>quod</span> <span class='ocrx_word' id='word_1_183' title='bbox 1884 2054 1922 2087; x_wconf 87' lang='lat'>25</span> 
     </span>
     <span class='ocr_line' id='line_1_28' title="bbox 549 2121 1867 2174; baseline -0.004 -11"><span class='ocrx_word' id='word_1_184' title='bbox 549 2123 608 2162; x_wconf 90' lang='lat' dir='ltr'>de</span> <span class='ocrx_word' id='word_1_185' title='bbox 650 2122 776 2163; x_wconf 89' lang='lat' dir='ltr'>tribu</span> <span class='ocrx_word' id='word_1_186' title='bbox 806 2123 913 2163; x_wconf 90' lang='lat' dir='ltr'>Dan</span> <span class='ocrx_word' id='word_1_187' title='bbox 943 2122 991 2163; x_wconf 90' lang='lat' dir='ltr'>in</span> <span class='ocrx_word' id='word_1_188' title='bbox 1022 2122 1103 2163; x_wconf 91' lang='lat' dir='ltr'>illo</span> <span class='ocrx_word' id='word_1_189' title='bbox 1154 2123 1262 2162; x_wconf 93' lang='lat' dir='ltr'>loco</span> <span class='ocrx_word' id='word_1_190' title='bbox 1308 2135 1413 2162; x_wconf 91' lang='lat' dir='ltr'>cum</span> <span class='ocrx_word' id='word_1_191' title='bbox 1457 2121 1591 2174; x_wconf 85' lang='lat' dir='ltr'>equis</span> <span class='ocrx_word' id='word_1_192' title='bbox 1637 2126 1685 2160; x_wconf 88' lang='lat' dir='ltr'>et</span> <span class='ocrx_word' id='word_1_193' title='bbox 1728 2133 1867 2159; x_wconf 88' lang='lat' dir='ltr'>curru</span> 
     </span>
     <span class='ocr_line' id='line_1_29' title="bbox 549 2189 1865 2246; baseline -0.003 -13"><span class='ocrx_word' id='word_1_194' title='bbox 549 2192 702 2246; x_wconf 87' lang='lat' dir='ltr'>igneis</span> <span class='ocrx_word' id='word_1_195' title='bbox 726 2198 774 2233; x_wconf 91' lang='lat' dir='ltr'>et</span> <span class='ocrx_word' id='word_1_196' title='bbox 797 2192 969 2233; x_wconf 85' lang='lat' dir='ltr'>ceteris</span> <span class='ocrx_word' id='word_1_197' title='bbox 990 2192 1175 2233; x_wconf 88' lang='lat' dir='ltr'>ficticiis</span> <span class='ocrx_word' id='word_1_198' title='bbox 1199 2191 1514 2232; x_wconf 88' lang='lat' dir='ltr'>dominabitur</span> <span class='ocrx_word' id='word_1_199' title='bbox 1532 2189 1865 2231; x_wconf 77' lang='lat' dir='ltr'>Antichristus.</span> 
     </span>
     <span class='ocr_line' id='line_1_30' title="bbox 548 2260 1873 2316; baseline -0.003 -14"><span class='ocrx_word' id='word_1_200' title='bbox 548 2262 786 2303; x_wconf 88' lang='lat' dir='ltr'>Doctores</span> <span class='ocrx_word' id='word_1_201' title='bbox 818 2268 975 2304; x_wconf 89' lang='lat' dir='ltr'>autem</span> <span class='ocrx_word' id='word_1_202' title='bbox 998 2262 1078 2316; x_wconf 92' lang='lat' dir='ltr'>qui</span> <span class='ocrx_word' id='word_1_203' title='bbox 1109 2262 1176 2304; x_wconf 91' lang='lat' dir='ltr'>sic</span> <span class='ocrx_word' id='word_1_204' title='bbox 1197 2262 1455 2316; x_wconf 86' lang='lat' dir='ltr'>loquuntur</span> <span class='ocrx_word' id='word_1_205' title='bbox 1484 2261 1562 2301; x_wconf 84' lang='lat' dir='ltr'>vel</span> <span class='ocrx_word' id='word_1_206' title='bbox 1595 2261 1652 2301; x_wconf 89' lang='lat' dir='ltr'>ad</span> <span class='ocrx_word' id='word_1_207' title='bbox 1679 2260 1873 2301; x_wconf 90' lang='lat' dir='ltr'>modum.</span> 
     </span>
     <span class='ocr_line' id='line_1_31' title="bbox 303 2330 1869 2387; baseline -0.001 -17"><span class='ocrx_word' id='word_1_208' title='bbox 303 2343 371 2371; x_wconf 75' lang='lat' dir='ltr'>The</span> <span class='ocrx_word' id='word_1_209' title='bbox 389 2343 491 2370; x_wconf 82' lang='lat' dir='ltr'>whole</span> <span class='ocrx_word' id='word_1_210' title='bbox 549 2332 776 2386; x_wconf 87' lang='lat' dir='ltr'>loquendi</span> <span class='ocrx_word' id='word_1_211' title='bbox 834 2333 1164 2387; x_wconf 88' lang='lat' dir='ltr'>propheticum</span> <span class='ocrx_word' id='word_1_212' title='bbox 1223 2333 1481 2386; x_wconf 87' lang='lat' dir='ltr'>loquuntur</span> <span class='ocrx_word' id='word_1_213' title='bbox 1547 2330 1730 2371; x_wconf 87' lang='lat' dir='ltr'>mistice</span> <span class='ocrx_word' id='word_1_214' title='bbox 1790 2330 1869 2370; x_wconf 88' lang='lat' dir='ltr'>vel</span> 
     </span>
    </p>
   </div>
   <div class='ocr_carea' id='block_1_6' title="bbox 298 2378 501 2414">
    <p class='ocr_par' dir='ltr' id='par_1_6' title="bbox 298 2378 501 2414">
     <span class='ocr_line' id='line_1_32' title="bbox 298 2378 501 2414; baseline -0.005 -8"><span class='ocrx_word' id='word_1_215' title='bbox 298 2379 381 2414; x_wconf 89' lang='lat' dir='ltr'>body</span> <span class='ocrx_word' id='word_1_216' title='bbox 401 2378 436 2405; x_wconf 86' lang='lat' dir='ltr'>of</span> <span class='ocrx_word' id='word_1_217' title='bbox 451 2378 501 2405; x_wconf 84' lang='lat' dir='ltr'>1he</span> 
     </span>
    </p>
   </div>
   <div class='ocr_carea' id='block_1_7' title="bbox 281 2400 1927 2482">
    <p class='ocr_par' dir='ltr' id='par_1_7' title="bbox 281 2400 1927 2482">
     <span class='ocr_line' id='line_1_33' title="bbox 281 2400 1927 2476; baseline -0.001 -35"><span class='ocrx_word' id='word_1_218' title='bbox 281 2414 514 2476; x_wconf 42' lang='lat' dir='ltr'>reigfflikgffiszssfe</span> <span class='ocrx_word' id='word_1_219' title='bbox 551 2402 774 2444; x_wconf 85' lang='lat' dir='ltr'>videntur</span> <span class='ocrx_word' id='word_1_220' title='bbox 797 2404 855 2444; x_wconf 90' lang='lat' dir='ltr'>ad</span> <span class='ocrx_word' id='word_1_221' title='bbox 875 2404 1067 2444; x_wconf 89' lang='lat' dir='ltr'>modum</span> <span class='ocrx_word' id='word_1_222' title='bbox 1090 2402 1438 2444; x_wconf 87' lang='lat' dir='ltr'>concionatoris</span> <span class='ocrx_word' id='word_1_223' title='bbox 1460 2402 1654 2455; x_wconf 88' lang='lat' dir='ltr'>fingere.</span> <span class='ocrx_word' id='word_1_224' title='bbox 1678 2400 1870 2441; x_wconf 84' lang='lat' dir='ltr'>Certum</span> <span class='ocrx_word' id='word_1_225' title='bbox 1886 2403 1927 2436; x_wconf 81' lang='lat'>30</span> 
     </span>
     <span class='ocr_line' id='line_1_34' title="bbox 488 2469 494 2482; baseline 0 -1"><span class='ocrx_word' id='word_1_226' title='bbox 488 2469 494 2482; x_wconf 87' lang='lat'>‚</span> 
     </span>
    </p>
   </div>
   <div class='ocr_carea' id='block_1_8' title="bbox 283 2472 1869 2546">
    <p class='ocr_par' dir='ltr' id='par_1_8' title="bbox 283 2472 1869 2546">
     <span class='ocr_line' id='line_1_35' title="bbox 283 2472 1869 2546; baseline -0.003 -33"><span class='ocrx_word' id='word_1_227' title='bbox 283 2492 322 2546; x_wconf 51' lang='lat' dir='ltr'>isttg</span> <span class='ocrx_word' id='word_1_228' title='bbox 340 2482 515 2546; x_wconf 46' lang='lat' dir='ltr'>113?ssss}sser</span> <span class='ocrx_word' id='word_1_229' title='bbox 554 2478 628 2514; x_wconf 85' lang='lat' dir='ltr'>est</span> <span class='ocrx_word' id='word_1_230' title='bbox 657 2473 819 2527; x_wconf 88' lang='lat' dir='ltr'>itaque</span> <span class='ocrx_word' id='word_1_231' title='bbox 852 2475 981 2528; x_wconf 90' lang='lat' dir='ltr'>quod</span> <span class='ocrx_word' id='word_1_232' title='bbox 1011 2486 1219 2528; x_wconf 89' lang='lat' dir='ltr'>persona</span> <span class='ocrx_word' id='word_1_233' title='bbox 1248 2472 1565 2526; x_wconf 85' lang='lat' dir='ltr'>prescitorum</span> <span class='ocrx_word' id='word_1_234' title='bbox 1598 2475 1869 2525; x_wconf 89' lang='lat' dir='ltr'>aggregata,</span> 
     </span>
    </p>
   </div>
   <div class='ocr_carea' id='block_1_9' title="bbox 554 2540 1870 2666">
    <p class='ocr_par' dir='ltr' id='par_1_9' title="bbox 554 2540 1870 2666">
     <span class='ocr_line' id='line_1_36' title="bbox 554 2540 1870 2597; baseline -0.004 -14"><span class='ocrx_word' id='word_1_235' title='bbox 554 2549 628 2583; x_wconf 87' lang='lat' dir='ltr'>est</span> <span class='ocrx_word' id='word_1_236' title='bbox 659 2557 778 2584; x_wconf 90' lang='lat' dir='ltr'>unus</span> <span class='ocrx_word' id='word_1_237' title='bbox 810 2543 1147 2597; x_wconf 81' lang='lat' dir='ltr'>Antichristus,</span> <span class='ocrx_word' id='word_1_238' title='bbox 1182 2542 1304 2583; x_wconf 87' lang='lat' dir='ltr'>sicut</span> <span class='ocrx_word' id='word_1_239' title='bbox 1337 2541 1574 2595; x_wconf 86' lang='lat' dir='ltr'>quotlibet</span> <span class='ocrx_word' id='word_1_240' title='bbox 1609 2540 1870 2581; x_wconf 90' lang='lat' dir='ltr'>membrum</span> 
     </span>
     <span class='ocr_line' id='line_1_37' title="bbox 555 2609 1869 2666; baseline -0.002 -14"><span class='ocrx_word' id='word_1_241' title='bbox 555 2612 665 2666; x_wconf 82' lang='lat' dir='ltr'>eius,</span> <span class='ocrx_word' id='word_1_242' title='bbox 699 2618 748 2654; x_wconf 90' lang='lat' dir='ltr'>et</span> <span class='ocrx_word' id='word_1_243' title='bbox 777 2612 901 2654; x_wconf 88' lang='lat' dir='ltr'>illius</span> <span class='ocrx_word' id='word_1_244' title='bbox 946 2613 1035 2654; x_wconf 86' lang='lat' dir='ltr'>erit</span> <span class='ocrx_word' id='word_1_245' title='bbox 1065 2625 1185 2653; x_wconf 87' lang='lat' dir='ltr'>unus</span> <span class='ocrx_word' id='word_1_246' title='bbox 1218 2611 1432 2666; x_wconf 88' lang='lat' dir='ltr'>capitalis</span> <span class='ocrx_word' id='word_1_247' title='bbox 1474 2611 1523 2652; x_wconf 90' lang='lat' dir='ltr'>in</span> <span class='ocrx_word' id='word_1_248' title='bbox 1553 2609 1732 2651; x_wconf 87' lang='lat' dir='ltr'>malicia</span> <span class='ocrx_word' id='word_1_249' title='bbox 1761 2609 1869 2663; x_wconf 90' lang='lat' dir='ltr'>plus</span> 
     </span>
    </p>
   </div>
   <div class='ocr_carea' id='block_1_10' title="bbox 552 2802 1871 2937">
    <p class='ocr_par' dir='ltr' id='par_1_10' title="bbox 552 2802 1871 2937">
     <span class='ocr_line' id='line_1_38' title="bbox 623 2802 1870 2843; baseline -0.003 -7"><span class='ocrx_word' id='word_1_250' title='bbox 623 2809 651 2837; x_wconf 86' lang='lat'>6.</span> <span class='ocrx_word' id='word_1_251' title='bbox 672 2808 726 2836; x_wconf 87' lang='lat' dir='ltr'>AB</span> <span class='ocrx_word' id='word_1_252' title='bbox 746 2807 778 2836; x_wconf 92' lang='lat' dir='ltr'>in</span> <span class='ocrx_word' id='word_1_253' title='bbox 799 2816 914 2843; x_wconf 85' lang='lat' dir='ltr'>marg.:</span> <span class='ocrx_word' id='word_1_254' title='bbox 941 2808 1149 2835; x_wconf 82' lang='lat' dir='ltr'>Antichristus</span> <span class='ocrx_word' id='word_1_255' title='bbox 1167 2807 1236 2841; x_wconf 80' lang='lat' dir='ltr'><em>quis</em></span> <span class='ocrx_word' id='word_1_256' title='bbox 1260 2809 1305 2834; x_wconf 77' lang='lat' dir='ltr'>est</span> <span class='ocrx_word' id='word_1_257' title='bbox 1326 2806 1492 2834; x_wconf 82' lang='lat' dir='ltr'>secundum</span> <span class='ocrx_word' id='word_1_258' title='bbox 1509 2805 1707 2841; x_wconf 81' lang='lat' dir='ltr'>scripturam.</span> <span class='ocrx_word' id='word_1_259' title='bbox 1781 2802 1826 2833; x_wconf 89' lang='lat'>16.</span> <span class='ocrx_word' id='word_1_260' title='bbox 1848 2803 1870 2832; x_wconf 86' lang='lat' dir='ltr'>B</span> 
     </span>
     <span class='ocr_line' id='line_1_39' title="bbox 552 2850 1871 2891; baseline -0.004 -8"><span class='ocrx_word' id='word_1_261' title='bbox 552 2855 585 2883; x_wconf 87' lang='lat' dir='ltr'>in</span> <span class='ocrx_word' id='word_1_262' title='bbox 600 2863 715 2891; x_wconf 87' lang='lat' dir='ltr'>marg.:</span> <span class='ocrx_word' id='word_1_263' title='bbox 736 2854 812 2883; x_wconf 83' lang='lat' dir='ltr'>Anti</span> <span class='ocrx_word' id='word_1_264' title='bbox 826 2855 911 2883; x_wconf 78' lang='lat' dir='ltr'>valet</span> <span class='ocrx_word' id='word_1_265' title='bbox 927 2857 1047 2883; x_wconf 83' lang='lat' dir='ltr'>contra.</span> <span class='ocrx_word' id='word_1_266' title='bbox 1121 2862 1170 2890; x_wconf 88' lang='lat'>24.</span> <span class='ocrx_word' id='word_1_267' title='bbox 1191 2854 1220 2882; x_wconf 92' lang='lat' dir='ltr'>A</span> <span class='ocrx_word' id='word_1_268' title='bbox 1232 2854 1263 2882; x_wconf 89' lang='lat' dir='ltr'>in</span> <span class='ocrx_word' id='word_1_269' title='bbox 1279 2861 1392 2889; x_wconf 86' lang='lat' dir='ltr'>marg.:</span> <span class='ocrx_word' id='word_1_270' title='bbox 1413 2852 1461 2880; x_wconf 84' lang='lat' dir='ltr'>De</span> <span class='ocrx_word' id='word_1_271' title='bbox 1474 2851 1674 2880; x_wconf 82' lang='lat' dir='ltr'>Antichristo.</span> <span class='ocrx_word' id='word_1_272' title='bbox 1747 2858 1796 2889; x_wconf 87' lang='lat'>27.</span> <span class='ocrx_word' id='word_1_273' title='bbox 1817 2850 1871 2879; x_wconf 85' lang='lat' dir='ltr'>AB</span> 
     </span>
     <span class='ocr_line' id='line_1_40' title="bbox 553 2901 1004 2937; baseline -0.002 -7"><span class='ocrx_word' id='word_1_274' title='bbox 553 2902 585 2930; x_wconf 88' lang='lat' dir='ltr'>in</span> <span class='ocrx_word' id='word_1_275' title='bbox 606 2909 720 2937; x_wconf 87' lang='lat' dir='ltr'>marg.:</span> <span class='ocrx_word' id='word_1_276' title='bbox 741 2901 788 2930; x_wconf 86' lang='lat' dir='ltr'>De</span> <span class='ocrx_word' id='word_1_277' title='bbox 806 2901 1004 2930; x_wconf 81' lang='lat' dir='ltr'>Antichristo.</span> 
     </span>
    </p>
   </div>
  </div>
 </body>
</html>
