2078 3338
231 249 320 278 CAP.
342 243 410 294 XL]
631 254 690 286 DE
719 254 998 286 POTESTATE
1027 255 1152 287 ΡΑΡΕ.

230 371 415 398 omnem
446 357 688 398 accionem
721 364 933 400 creature
958 372 1235 400 concurrere
1257 360 1546 413 preagendo.

228 427 290 467 Et
333 432 467 480 patet
511 442 572 468 ex
614 429 723 482 lege
768 428 942 482 triplici
987 430 1046 470 ad
1082 429 1208 470 idem
1247 442 1309 469 ex
1340 429 1415 470 IX
1448 443 1546 483 cap.

231 497 443 551 allegata.

288 566 385 608 Sed
428 568 624 609 ulterius
668 582 755 622 pro
801 569 995 610 materia
1033 570 1296 623 argumenti
1332 569 1474 610 miror
1504 569 1552 610 in

197 642 211 675 5
230 636 394 688 tribus,
426 638 578 691 primo
603 640 845 691 quomodo
868 639 1166 681 adversarius
1195 653 1291 679 non
1314 639 1553 680 erubescit

231 707 514 747 concludere
547 707 796 760 primatum
831 708 1167 762 cuiuscumque
1197 709 1405 750 Romani
1436 723 1550 763 pon-

228 775 366 816 tificis
401 790 463 816 ex
494 777 696 830 primatu
728 778 989 818 sacerdotis
1022 778 1289 819 Aaronitici
1319 778 1368 818 in
1398 778 1552 818 veteri

230 850 528 897 testamento,
562 847 772 887 secundo
798 848 1038 901 quomodo
1063 849 1427 888 concluderetur
1450 848 1549 888 offi-

230 913 407 955 ciorum
452 915 701 970 singularis
745 916 1095 969 preeminencia
1142 931 1203 958 ex
1240 918 1351 971 lege
1384 917 1550 968 veteri,

174 1000 212 1021 10
229 989 277 1023 et
298 984 448 1025 tercio
474 986 712 1038 quomodo
736 992 805 1027 tot
825 986 942 1027 ritus
967 992 1015 1026 et
1038 993 1229 1028 ornatus
1251 987 1551 1041 episcopales

229 1067 290 1094 ex
321 1054 553 1106 legalibus
584 1055 705 1109 legis
737 1056 916 1096 veteris
951 1062 1303 1110 surrepserunt.

286 1123 521 1177 Quantum
554 1125 612 1165 ad
654 1124 867 1178 primum,
915 1138 1018 1166 cum
1049 1126 1222 1179 legalia
1253 1140 1440 1166 cessare
1474 1127 1550 1167 de-

227 1195 441 1245 buerant,
475 1208 703 1236 summum
726 1200 882 1236 autem
906 1196 1232 1236 sacerdocium
1256 1209 1359 1237 cum
1381 1196 1549 1236 ritibus

229 1264 325 1304 suis
369 1264 589 1318 figuravit
633 1264 898 1315 Dominum,
952 1265 1033 1319 qui
1074 1266 1164 1306 iam
1208 1266 1353 1317 venit,
1406 1279 1549 1320 quare

176 1343 211 1376 15
226 1333 373 1388 igitur
395 1348 490 1374 non
506 1335 774 1375 debuerunt
791 1348 978 1376 cessare
999 1335 1047 1375 in
1071 1336 1346 1377 sacerdocio
1365 1335 1547 1386 Christi,

109 1410 190 1455 22912
226 1402 317 1444 nisi
365 1403 490 1444 forte
542 1404 695 1445 adhuc
749 1410 1037 1458 expectetur
1073 1405 1330 1446 infideliter
1369 1404 1373 1462 Ι
1412 1406 1548 1446 Anti-

228 1472 458 1514 christus?

288 1542 422 1594 Item,
460 1557 556 1584 non
587 1544 775 1585 videtur
811 1544 937 1585 racio
976 1558 1119 1598 quare
1152 1544 1286 1599 sequi
1319 1545 1549 1586 debemus

228 1627 456 1654 summum
479 1614 776 1655 sacerdotem
790 1614 911 1669 legis
933 1614 981 1655 in
1009 1614 1096 1655 hiis
1118 1614 1302 1666 ritibus,
1327 1615 1437 1669 quin
1460 1629 1549 1669 per

172 1703 214 1725 20
226 1682 352 1724 idem
383 1683 430 1724 in
464 1684 562 1725 aliis
593 1684 685 1725 iam
718 1684 916 1735 omissis,
955 1690 1008 1725 ut
1038 1689 1152 1738 puta
1182 1684 1230 1724 in
1257 1685 1548 1726 uxoracione

229 1758 277 1793 et
308 1753 613 1794 successione
634 1754 916 1795 hereditaria
938 1754 1104 1795 summi
1124 1754 1364 1807 pontificis
1390 1754 1438 1795 in
1460 1768 1546 1795 suo

228 1836 433 1864 oneroso
479 1823 637 1864 officio
684 1828 731 1864 et
772 1824 819 1864 in
862 1838 1010 1877 parva
1052 1823 1282 1877 porcione
1321 1824 1380 1864 de
1419 1829 1548 1864 sorte

225 1892 427 1933 Domini.
456 1892 565 1934 Non
589 1893 710 1933 enim
734 1898 808 1933 est
828 1893 956 1933 racio
981 1892 1268 1934 diversitatis
1292 1893 1546 1944 sufficiens,

227 1963 355 2016 quod
387 1963 670 2004 Machomed
703 1969 750 2003 et
783 1961 981 2017 Sergius
1015 1964 1229 2004 colarunt
1261 1964 1320 2004 de
1343 1968 1547 2016 utroque

170 2038 511 2076 25testamento
543 2033 609 2074 eis
631 2033 868 2087 placitum,
903 2038 1062 2074 cetera
1085 2033 1384 2087 displicibilia
1416 2033 1546 2073 omit-

225 2107 393 2145 tentes.

282 2172 415 2224 Item,
446 2173 494 2213 in
525 2186 651 2214 novo
684 2178 970 2214 testamento
1006 2173 1150 2214 debet
1173 2172 1374 2214 eeclesia
1393 2172 1543 2226 magis

225 2242 462 2283 dimittere
505 2243 680 2298 figuras
727 2248 776 2283 et
819 2248 1052 2297 tamquam
1097 2248 1223 2284 etate
1259 2242 1545 2296 proveccior

226 2314 498 2354 evacuando
521 2327 613 2367 que
635 2318 766 2353 erant
785 2313 983 2367 parvuli,
999 2314 1107 2367 plus
1123 2312 1329 2354 simulari
1343 2311 1544 2353 ecclesie

170 2393 211 2425 30
224 2382 549 2437 triumphanti3
574 2386 660 2424 sed
680 2382 729 2423 in
749 2384 903 2424 beatis
923 2389 1080 2423 cessat
1095 2383 1244 2423 omnis
1266 2381 1372 2423 talis
1393 2382 1544 2434 figura

225 2457 365 2506 atque
411 2454 621 2505 exaccio,
667 2467 770 2495 cum
814 2453 908 2494 sint
939 2454 997 2493 ad
1028 2453 1239 2494 ultimum
1270 2452 1542 2499 unicordes;

223 2522 366 2576 igitur
401 2523 451 2564 in
484 2523 684 2565 ecclesia
722 2522 988 2577 apostolica
1025 2523 1202 2563 debent
1233 2522 1356 2562 ultra
1385 2522 1543 2575 legem

223 2599 436 2634 veterem
468 2594 526 2634 ad
555 2593 683 2634 illum
716 2599 886 2634 statum
921 2593 1160 2633 accedere.
1191 2592 1253 2632 Et
1282 2593 1371 2632 hec
1402 2591 1543 2642 racio,

225 2677 369 2716 quare
421 2663 627 2717 apostoli
678 2664 943 2703 docuerunt
994 2662 1041 2702 in
1091 2662 1232 2713 facto,
1291 2662 1442 2701 verbo
1497 2667 1544 2701 et

296 2844 323 2864 2.
343 2836 382 2863 B:
404 2835 482 2862 Exo.
504 2835 606 2863 Codd.
627 2835 657 2862 in
679 2843 793 2870 marg:
815 2835 971 2862 Primatus
987 2842 1068 2870 pape
1087 2841 1147 2860 non
1168 2833 1363 2860 concluditur
1382 2840 1420 2860 ex
1436 2833 1545 2860 simili—

225 2884 339 2911 tudine.
414 2891 442 2918 9.
463 2884 507 2910 A:
528 2882 735 2918 singularum.

1366 2926 1404 2958 18

293 2948 334 2971 De
350 2947 501 2970 Potestate
518 2946 604 2973 Pape.

1584 1146 1669 1174 With
1691 1146 1822 1175 Christ’s

1606 1182 1730 1216 coming
1748 1184 1799 1210 the

1599 1217 1672 1243 sites
1692 1218 1727 1244 of
1744 1219 1796 1245 the

1598 1252 1648 1278 old
1670 1252 1728 1278 law
1749 1261 1799 1279 are

1599 1287 1679 1314 done
1700 1295 1797 1323 away.

1600 2252 1659 2280 We
1681 2254 1793 2281 should

1571 2288 1639 2315 take
1659 2296 1692 2315 as
1713 2289 1813 2316 model

1599 2323 1649 2349 the
1670 2322 1791 2350 Churcl]

1592 2357 1794 2392 triumphant.
