2078 3338
203 270 400 327 CAP.·X11.]
590 283 649 315 DE
676 282 958 314 POTESTATE
984 283 1119 315 PAPE.

202 393 250 429 et
272 387 490 441 discipuli
504 386 795 429 Antichristi.
817 387 878 427 Et
891 387 1164 428 nullomodo
1182 386 1334 426 trahat
1349 385 1521 427 Christi

199 457 401 498 vicarius
414 456 682 497 huiusmodi
704 470 866 497 causas
883 456 986 506 sibi,
1003 457 1088 496 sed
1104 455 1298 511 effugiat
1312 460 1364 496 ut
1377 469 1518 495 vene-

199 541 308 567 num
320 527 450 567 iuxta
460 526 747 580 exemplaria
760 527 917 580 legum
934 526 1137 567 civilium
1152 526 1354 566 condere
1369 538 1518 565 novas

199 598 346 650 leges,
371 597 456 636 sed
469 598 755 636 abnuentem
776 596 977 637 finaliter
992 596 1112 636 hanc
1126 596 1248 636 viam
1269 594 1517 648 triplicem,

167 671 183 703 5
201 666 579 706 excommunicet
606 671 657 706 ut
683 667 941 706 membrum
963 665 1167 719 dyaboli.
1190 664 1518 705 Excommuni-

200 741 368 776 canten
411 735 472 775 im
506 736 789 789 quandoque
834 735 1091 788 simplices3
1127 734 1236 788 quia
1266 733 1516 774 dissentire

196 810 400 845 renuunt
453 804 561 858 legi.
604 805 666 845 Et
708 810 842 858 patet
875 805 1113 858 quomodo
1157 809 1317 857 preter
1348 817 1516 857 papam

197 879 391 927 oportet
443 887 563 925 esse,
621 874 742 915 sicut
792 874 881 914 fuit
916 874 962 914 in
1014 873 1251 926 primitiva
1303 873 1515 923 ecclesia,

195 957 336 984 unum
361 950 503 997 caput
525 944 583 984 ad
606 957 769 985 causas
793 943 1137 984 ecclesiasticas
1160 942 1514 984 terminandum.

142 1027 181 1048 10
197 1012 362 1066 Quoad
384 1014 644 1053 secundum
677 1018 812 1066 patet
858 1014 987 1066 quod
1019 1018 1213 1066 oportet
1243 1026 1350 1053 esse
1372 1026 1514 1052 unum

1725 283 1804 322 347

1624 1023 1705 1050 How

1529 1059 1744 1092 appointment
1765 1064 1794 1086 to

195 1088 338 1136 caput
370 1084 426 1123 ad
458 1083 691 1124 beneficia
714 1083 1035 1123 ecclesiastica
1056 1082 1375 1136 parciendum,
1408 1095 1513 1123 nam
1529 1093 1678 1120 beneficos
1693 1094 1804 1121 should

192 1153 274 1193 lex
318 1152 489 1193 Christi
534 1158 605 1193 est
649 1154 706 1194 ad
748 1152 861 1193 illud
906 1152 1159 1203 sufficiens,
1213 1158 1260 1193 et
1309 1165 1515 1205 persona

192 1222 373 1275 populi,
419 1222 493 1262 cui
535 1222 847 1275 preficeretur
890 1222 996 1263 talis
1045 1221 1336 1276 prepositus,
1388 1222 1515 1262 foret

193 1291 398 1345 optimus
419 1291 566 1331 iudex
588 1292 645 1331 ad
670 1291 1033 1332 discernendum
1054 1291 1195 1332 talem
1215 1290 1514 1344 prepositum

140 1361 424 1414 15episcopo
457 1361 840 1414 presentandum.
896 1359 974 1402 Sic
1008 1360 1129 1401 enim
1161 1360 1249 1402 fuit
1279 1360 1326 1401 in
1357 1360 1512 1414 primi-

75 1437 153 1476 247⁰
191 1430 288 1471 tiva
321 1430 542 1482 ecclesia;
589 1429 678 1471 nec
722 1436 879 1472 cessat
911 1430 1054 1481 racio,
1100 1444 1245 1483 quare
1289 1444 1380 1475 non
1410 1431 1414 1482 Ι
1443 1430 1512 1471 sic

191 1500 314 1541 foret
334 1500 487 1542 hodie.
510 1499 627 1541 Nam
648 1500 727 1541 illa
749 1513 953 1554 persona
966 1500 1219 1540 tenerrime
1234 1499 1514 1553 provideret

192 1570 250 1610 de
293 1569 459 1611 mediis
504 1571 562 1610 ad
604 1571 804 1611 salutem
848 1569 999 1610 anime
1033 1569 1313 1610 necessariis
1359 1569 1511 1611 cuius-

189 1639 317 1679 modi
350 1645 422 1680 est
453 1645 618 1693 pastor
650 1639 902 1687 discretus;
949 1639 988 1680 si
1033 1639 1155 1680 enim
1193 1639 1420 1693 providet
1452 1640 1511 1679 de

132 1722 173 1744 20
188 1709 353 1749 mediis
387 1709 603 1763 corporis
641 1709 891 1762 nutritivis‚
940 1710 1059 1751 fides
1092 1709 1349 1750 necessitat
1383 1710 1512 1763 quod

186 1779 418 1819 infinitum
461 1780 570 1832 plus
601 1779 857 1833 provideat
889 1779 947 1819 de
979 1779 1146 1820 mediis
1185 1779 1334 1819 anime
1366 1778 1509 1819 nutri-

187 1848 310 1889 tivis.
392 1847 507 1888 Ideo
578 1848 902 1889 Ecclesiastici
964 1848 1134 1899 XXX,
1204 1860 1256 1899 24
1322 1848 1508 1889 dicitur:

186 1917 407 1959 Miserere
438 1919 593 1959 anime
614 1922 686 1959 tue
710 1919 901 1971 placens
921 1918 1032 1959 Deo.
1066 1917 1210 1958 Istam
1235 1917 1380 1972 igitur
1400 1931 1510 1971 pro-

187 1986 451 2027 videnciam
494 2001 589 2027 non
634 1993 708 2028 est
752 1987 925 2028 Christi
977 1993 1026 2028 et
1075 2000 1163 2041 per
1207 2000 1508 2040 consequens

131 2056 356 2097 25nullius
390 2062 604 2097 creature
637 2062 815 2098 vetare.

246 2126 481 2179 Quantum
514 2128 571 2167 ad
601 2127 771 2181 legem,
794 2132 927 2180 patet
960 2127 1089 2180 quod
1112 2127 1212 2167 sola
1233 2127 1314 2167 lex
1336 2126 1508 2167 Christi

184 2196 402 2249 perfecte
436 2196 578 2237 docet
609 2196 815 2250 pastoris
839 2196 1058 2247 officium,
1092 2197 1332 2250 quomodo
1365 2196 1505 2237 intro-

186 2266 430 2306 ducendus
465 2271 551 2317 est,
596 2267 834 2319 quomodo
867 2266 1145 2307 nutriendus
1185 2272 1233 2307 et
1265 2267 1505 2319 quomodo

186 2335 510 2390 castigandus;
543 2335 668 2375 illam
688 2335 833 2389 igitur
854 2336 1011 2389 legem
1034 2340 1227 2389 oportet
1255 2335 1503 2376 communi-

129 2411 170 2443 30
183 2409 327 2444 tatem
351 2404 707 2445 christianorum
732 2404 989 2446 defendere
1014 2411 1062 2446 et
1083 2405 1370 2446 tradiciones
1395 2418 1504 2446 con-

183 2473 350 2514 trarias
382 2473 673 2528 impugnare.

242 2542 363 2585 Sunt
412 2543 555 2597 igitur
604 2549 698 2584 tam
751 2557 812 2584 ex
863 2554 999 2597 parte
1054 2545 1313 2585 electorum
1366 2558 1504 2598 quam

184 2613 325 2654 electi
354 2613 577 2667 pericula.
626 2614 700 2654 Ex
732 2619 870 2667 parte
904 2614 1126 2655 electoris
1157 2613 1202 2655 in
1234 2615 1340 2666 hoc,
1374 2616 1502 2668 quod

183 2689 352 2736 posset
372 2683 600 2723 blasfeme
623 2697 897 2736 presumere
928 2685 1056 2736 quod
1079 2683 1252 2724 sufficit
1283 2685 1501 2726 voluntas

254 2827 282 2848 2.
302 2819 389 2846 modi
405 2819 499 2847 deest.
593 2827 636 2847 10.
669 2819 768 2847 Codd.
800 2819 830 2846 in
863 2827 976 2855 marg.:
1002 2819 1100 2855 Caput
1120 2828 1211 2847 unum
1238 2823 1362 2855 oportet
1381 2829 1444 2848 esse
1461 2823 1502 2848 ad

182 2864 425 2893 distribuendum
445 2865 603 2901 beneficia.
693 2865 742 2894 32.
765 2866 866 2894 Codd.
896 2866 927 2893 in
959 2874 1073 2901 marg:
1103 2866 1227 2894 Eteccio
1260 2867 1379 2902 prelati
1407 2867 1502 2895 habet

177 2910 330 2945 pericula.

1591 1129 1625 1155 be
1646 1128 1744 1156 mado

1588 2555 1729 2590 Dangers

1578 2590 1735 2625 attending

1588 2625 1704 2653 choice.
