2078 3338
146 295 235 327 CAP.
257 283 296 340 1.]
537 296 597 327 DE
624 294 904 327 PoTEsTATE
937 295 1065 326 PAPE.
1726 299 1750 336 9

29 413 106 449 1631>
202 403 423 443 Potestas
452 398 456 456 Ι
484 400 627 454 igitur
672 399 924 453 spiritualis
970 412 1073 439 cum
1117 399 1176 439 sit
1221 400 1279 439 de
1322 399 1461 439 bonis

146 471 335 526 optimis
380 477 428 512 et
469 484 559 524 per
605 484 655 510 se
700 469 1059 519 sufficientibus,
1105 469 1297 509 excedit
1328 475 1461 523 pote-

145 547 312 583 statem
345 546 591 593 terrenam,
626 553 729 580 cum
760 539 837 579 illa
869 537 1009 578 nichil
1037 538 1163 578 valet
1195 537 1296 578 sine
1328 543 1462 591 pote-

145 617 266 652 state
318 609 548 664 spirituali
598 608 922 662 principaliter
971 608 1232 660 regulante.
1286 606 1384 649 Sed
1436 621 1461 647 e

112 686 308 727 5contra
338 680 428 720 ista
458 693 546 733 per
577 692 629 719 se
663 677 837 719 sufficit
870 677 969 718 sine
1000 677 1088 718 illa.

202 750 256 791 In
286 750 376 791 ista
407 749 570 803 utique
601 748 798 789 materia
828 748 1085 787 tenendum
1125 753 1198 787 est
1231 760 1320 800 pro
1355 760 1460 787 con·
1486 757 1735 797 ,DignitygThis

150 819 290 861 stanti
318 820 448 873 quod
469 824 686 873 potestas
710 816 966 871 spiritualis
991 817 1149 870 quoad
1184 816 1460 870 dignitatem
1485 800 1510 820 ¹8
1531 793 1587 820 selt
1607 793 1742 820 emens.

144 889 334 931 excedit
379 889 524 941 aliam,
579 894 626 928 ut
669 892 870 929 testatur
914 887 1083 927 doctor
1127 892 1173 926 et
1226 886 1462 939 quotlibet

141 961 278 1014 leges
309 958 549 1000 hominum
592 958 785 998 fundate
817 956 1086 997 racionibus
1120 962 1167 997 et
1202 955 1460 1010 scripturis,

88 1051 128 1074 10
142 1037 193 1072 ut
224 1035 357 1084 patet
391 1029 596 1082 capitulo
629 1028 675 1068 V
705 1027 855 1067 huius.

202 1100 438 1154 Quantum
482 1100 540 1139 ad
584 1097 927 1151 antiquitatem,
970 1102 1103 1150 patet
1152 1097 1280 1150 quod
1312 1109 1460 1136 sacer·
1522 1106 1703 1142 Antiquity:

144 1171 329 1211 docium
351 1168 530 1223 gentile
552 1169 629 1209 vel
652 1168 863 1208 naturale
886 1166 1117 1221 precessit
1141 1166 1461 1207 sacerdocium
1476 1141 1751 1204 ttigtliagffffivffld

223 1240 232 1247 .
261 1239 269 1247 .
1312 1236 1320 1244 .
1357 1235 1365 1244 .
1478 1211 1554 1239 Cain
1569 1212 1628 1239 had
1649 1221 1665 1239 a
1687 1216 1752 1239 sort

140 1242 393 1281 leV1t1cum.
411 1239 470 1279 Et
493 1238 927 1292 correspondenter
948 1238 1007 1277 de
1022 1242 1261 1291 potestate
1279 1237 1460 1288 dlcitur,
1488 1247 1523 1274 of
1540 1247 1732 1282 priesthood.

141 1316 192 1351 ut
212 1310 419 1365 tangitur
441 1309 569 1349 XXI
592 1308 799 1361 capitulo
822 1307 868 1347 V
888 1307 1006 1349 libri.
1040 1307 1180 1348 Unde
1205 1307 1285 1347 illo
1318 1308 1460 1347 modo

89 1380 347 1424 15creditur
394 1379 550 1420 Adam
595 1384 641 1419 et
686 1378 815 1432 Cayn
860 1377 958 1418 eius
1002 1376 1305 1432 progenitum
1355 1382 1462 1417 ante

141 1455 390 1504 peccatum
433 1449 579 1490 fuisse
623 1449 970 1502 quodammodo
1009 1447 1280 1488 naturaliter
1312 1460 1460 1488 sacer-

144 1521 291 1568 dotes,
338 1525 385 1559 et
417 1518 485 1560 sic
516 1523 735 1572 potestas
769 1517 1024 1571 spiritualis
1062 1516 1382 1557 benedicendi
1415 1523 1461 1558 et

144 1588 469 1641 consecrandi,
500 1587 690 1628 videtur
722 1587 964 1640 dignitate,
1007 1592 1223 1640 tempore
1263 1592 1310 1626 et
1342 1585 1460 1627 utili-

142 1665 238 1700 tate
282 1659 543 1712 precedere
594 1662 884 1711 potestatem
936 1656 1134 1696 civiliter
1187 1655 1459 1707 coactivam,

87 1749 128 1771 20
142 1742 299 1783 ymmo
331 1734 548 1782 potestas
581 1726 886 1768 sacerdotalis
916 1725 1106 1767 levitica
1154 1725 1342 1766 videtur
1373 1738 1459 1779 po-

141 1804 359 1839 testatem
402 1798 581 1853 regiam
612 1797 947 1838 Israheliticam
986 1796 1266 1849 antiquitate
1297 1809 1459 1849 prece·
1494 1812 1496 1816 ’

143 1869 269 1922 dere,
314 1881 409 1908 non
455 1873 611 1908 autem
661 1873 949 1921 potestatem
998 1868 1177 1920 regiam
1221 1865 1460 1919 gentilem,

143 1952 246 1979 curn
279 1944 496 1991 tempore
517 1938 710 1978 Abrahe
743 1938 917 1991 legitur
939 1949 1109 1977 novem
1139 1949 1281 1989 reges
1314 1935 1460 1976 fuisse

139 2008 185 2048 in
219 2009 339 2048 valle
373 2014 705 2061 congregatos.
737 2006 983 2060 Dignitate
1008 2012 1161 2046 autem
1191 2012 1237 2045 et
1260 2005 1460 2046 utilitate

83 2077 327 2119 25videtur
359 2077 667 2118 sacerdotalis
699 2083 914 2130 potestas
946 2075 1136 2116 levitica
1168 2089 1274 2116 esse
1319 2075 1459 2129 prior.

139 2147 192 2188 In
224 2149 330 2188 Deo
376 2154 530 2188 autem
561 2147 750 2188 videtur
780 2146 905 2187 racio
937 2145 1193 2200 potestatis
1231 2145 1364 2199 regie
1396 2145 1457 2185 in·
1509 2188 1516 2215 l
1550 2154 1583 2181 In
1606 2152 1704 2215 Godth

141 2223 296 2258 create
329 2218 592 2271 precedere
624 2223 914 2271 potestatem
947 2216 1301 2267 sacerdotalem,
1337 2215 1459 2255 sicut
1498 2196 1728 2285 Ιέἓὲῗιῗὲνθῗ

140 2287 350 2327 secunda
399 2300 605 2340 persona
660 2286 842 2339 origine
894 2285 1109 2339 precedit
1158 2285 1364 2334 terciam,
1411 2290 1459 2325 et
1524 2266 1557 2286 ³5
1576 2261 1716 2293 pnomty.

140 2370 259 2410 opus
312 2355 689 2408 sustentacionis,
749 2369 870 2409 opus
923 2354 1314 2407 confirmacionis,
1367 2367 1459 2407 que

85 2437 125 2469 30
142 2426 522 2479 correspondent
567 2425 668 2466 istis
713 2425 894 2478 officiis,
940 2432 986 2465 et
1029 2438 1116 2478 per
1162 2437 1459 2478 consequens

142 2495 365 2536 sacerdos
419 2501 608 2536 eternus
659 2495 838 2549 primos
890 2501 1113 2548 parentes
1165 2493 1458 2534 matrimonio

143 2565 394 2618 copulavit,
426 2564 538 2605 licet
570 2564 813 2618 spirituale
843 2564 1184 2605 matrimonium
1209 2563 1380 2604 Christi
1413 2568 1460 2603 et

142 2633 345 2674 ecclesie
375 2634 531 2687 ipsum
562 2634 860 2688 precesserit.

210 2782 238 2810 6.
257 2782 312 2809 AB
332 2782 363 2809 in
383 2790 498 2818 marg:
519 2783 662 2810 Potestas
680 2783 856 2818 spiritualis
877 2785 921 2810 est
940 2783 1070 2820 dignior
1084 2785 1240 2818 potestate
1259 2782 1362 2819 regia.

215 2866 309 2899 1—5.
336 2866 454 2898 Hussii
481 2866 573 2908 Opp.
602 2864 694 2906 213¹&
795 2874 844 2905 14.
870 2868 922 2898 De
947 2867 1047 2898 Civili
1066 2867 1233 2898 Dominio
1260 2866 1312 2907 111,
1339 2877 1371 2908 p.
1390 2866 1457 2906 425

140 2930 172 2954 et
197 2933 296 2965 seqq.
