2078 3338
243 276 323 314 352
975 275 1201 307 JOHANNIS
1228 274 1414 307 WYCLIF
1646 260 1755 317 [CAP.
1780 271 1845 299 ΧΠ.

534 378 742 420 debitum
775 380 1033 420 secundum
1064 379 1303 420 racionem
1335 378 1497 419 falsam
1520 383 1567 419 et
1588 378 1847 418 simulatam

533 455 663 490 caret
695 449 854 489 colore
887 449 1134 503 discipline
1166 448 1390 490 veritatis.

589 518 722 570 Item,
768 519 871 560 talis
915 519 1192 573 prepositus
1236 523 1407 572 posset
1450 518 1509 558 ad
1558 522 1738 558 tantum
1779 516 1845 557 in-

533 587 723 642 disponi
760 587 808 628 in
838 588 1062 642 moribus,
1108 589 1235 642 quod
1265 588 1490 628 redderet
1522 600 1572 628 se
1605 586 1848 639 indignum

532 657 817 711 stipendium
861 658 953 699 tale
996 658 1222 712 recipere.
1265 657 1352 698 Est
1381 657 1524 711 igitur
1557 656 1666 696 dare
1698 656 1881 697 latim-5

533 727 688 767 dinem
730 727 1113 781 indisposicionis
1160 733 1206 767 et
1244 728 1441 781 gradum
1473 726 1849 768 remississimum

534 796 790 851 dignitatis,
848 798 936 837 sub
996 797 1167 851 quibus
1218 796 1412 850 indigne
1468 796 1708 850 reciperet
1757 795 1849 836 tale

534 866 831 920 stipendium.

593 937 691 979 Sed
734 938 964 990 probatur
1007 937 1135 990 quod
1175 936 1375 990 quilibet
1405 937 1578 992 gradus
1617 936 1722 976 talis
1752 935 1848 976 lati-

534 1006 708 1047 tudinis
742 1006 1051 1060 consequitur
1082 1007 1142 1047 ad
1172 1007 1409 1047 notorium
1442 1006 1679 1046 defectum
1709 1005 1909 1046 officii10

533 1076 749 1130 prelacie.
803 1076 921 1117 Nam
961 1090 1097 1117 omne
1129 1082 1376 1130 peccatum
1418 1077 1614 1117 mortale
1645 1075 1758 1116 facit
1788 1074 1850 1115 in-

536 1146 729 1200 dignum
776 1147 935 1200 quoad
972 1146 1141 1197 Deum,
1184 1151 1237 1187 ut
1278 1146 1352 1186 hic
1398 1145 1692 1199 supponitur.
1755 1144 1852 1186 Sed

536 1218 673 1257 datus
705 1216 980 1271 prepositus
1014 1222 1087 1258 est
1116 1216 1298 1257 notorie
1330 1216 1378 1256 in
1408 1216 1604 1267 mortali,
1638 1227 1753 1269 ergo
1779 1222 1852 1255 est

534 1287 722 1328 notorie
753 1287 976 1341 indignus
1010 1287 1167 1341 quoad
1187 1287 1345 1327 Deum
1368 1291 1417 1327 et
1437 1300 1525 1340 per
1549 1298 1851 1339 consequens

536 1358 660 1410 apud
693 1357 954 1411 quemlibet
997 1356 1078 1410 qui
1108 1356 1155 1397 in
1198 1356 1387 1397 nomine
1420 1355 1614 1396 Domini
1644 1356 1738 1396 tale
1773 1356 1850 1395 de-
1873 1357 1908 1389 15

534 1426 683 1467 bitum
716 1426 806 1467 sibi
839 1427 986 1469 daret.
1018 1425 1171 1467 Nemo
1205 1425 1327 1466 enim
1363 1425 1486 1466 iuste
1520 1425 1600 1465 dat
1631 1424 1852 1475 debitum,

534 1495 623 1536 nisi
655 1496 783 1550 quod
816 1497 896 1537 dat
925 1496 973 1536 in
1003 1495 1191 1536 nomine
1220 1494 1313 1535 Dei
1346 1494 1551 1537 debenti.
1584 1493 1699 1534 Cum
1719 1494 1853 1534 Deus

536 1566 795 1606 secundum
828 1564 1147 1620 Augustinum
1180 1564 1397 1618 graciose
1430 1565 1573 1605 donat
1605 1576 1742 1604 omne
1777 1563 1853 1603 de-

535 1634 698 1688 bitum,
752 1640 799 1675 et
843 1634 1036 1675 cuilibet
1081 1640 1293 1675 creature
1338 1633 1684 1687 quodammodo
1737 1631 1853 1673 obli-

536 1709 687 1757 gatur.
721 1703 772 1746 Si
805 1703 926 1744 enim
960 1704 1220 1744 conductus
1254 1717 1278 1743 a
1298 1702 1556 1744 ministerio
1581 1702 1769 1743 omnino
1803 1714 1855 1742 se
1872 1716 1913 1737 20

537 1774 781 1825 subtrahit,
826 1774 1083 1814 secundum
1126 1773 1272 1814 iustas
1316 1774 1450 1826 leges
1494 1774 1718 1813 humanas
1750 1772 1854 1812 sub-

536 1844 656 1884 trahi
699 1844 845 1884 debet
876 1843 1176 1897 stipendium,
1221 1843 1368 1883 multo
1414 1842 1564 1895 magis
1597 1842 1856 1883 secundum

535 1914 693 1968 legem
723 1913 817 1954 Dei
858 1913 1171 1964 iustissimam,
1215 1912 1264 1953 in
1296 1912 1458 1953 debito
1497 1912 1645 1966 magis
1678 1911 1855 1953 stricto.

536 1983 598 2024 Et
617 1983 733 2024 illud
754 1983 942 2024 videtur
953 1984 1245 2037 Apostolum
1262 1982 1438 2023 sentire
1453 1982 1511 2024 II.
1526 1982 1658 2024 Tess.
1673 1981 1758 2033 III,
1781 1994 1855 2022 10:

544 2053 632 2106 Qui
662 2066 751 2094 non
782 2054 974 2105 laborat,
1005 2052 1171 2106 inquit,
1206 2065 1295 2093 non
1326 2053 1577 2093 manducet.
1872 2054 1913 2086 25

258 2131 290 2157 ¹11
312 2130 426 2166 paying
446 2130 521 2157 such
596 2122 729 2174 Item,
744 2136 882 2163 nemo
903 2127 1093 2163 tenetur
1115 2122 1283 2163 fovere
1305 2121 1512 2162 discolos
1538 2125 1585 2161 et
1601 2119 1856 2173 discipulos

285 2173 470 2235 sussNpeofftrigg
535 2192 827 2243 Antichristi,
861 2192 946 2233 sed
968 2192 1034 2232 sic
1064 2191 1246 2232 faceret
1279 2190 1562 2244 quicumque
1594 2189 1856 2230 voluntarie

283 2235 487 2305 Ἔῐῗὲιεεὶίιῖἷὲεεῖὃ
537 2262 821 2303 ministraret
866 2263 1038 2302 talibus
1082 2262 1202 2303 ultra
1244 2261 1342 2302 vite
1385 2259 1665 2310 necessaria,
1715 2258 1858 2312 igitur

536 2333 628 2373 hoc
659 2345 755 2373 non
789 2333 944 2373 debet.
1004 2332 1138 2372 Deus
1184 2331 1302 2371 enim
1352 2344 1447 2371 non
1489 2330 1626 2371 fovet
1656 2330 1774 2369 tales
1806 2333 1858 2369 ut

538 2403 671 2454 tales,
717 2403 803 2443 sed
845 2401 1075 2455 permittit
1119 2414 1202 2442 eos
1245 2400 1401 2442 foveri
1439 2406 1487 2441 et
1518 2404 1751 2440 sustentat
1780 2403 1915 2438 na-3o

539 2477 701 2513 turam.

276 2537 498 2600 Essffi‘g'ffi-{ssi'
597 2542 659 2582 Et
689 2547 823 2596 patet
854 2542 981 2595 quod
1005 2541 1290 2595 quicumque
1315 2539 1477 2580 condit
1497 2540 1655 2592 legem
1676 2538 1754 2578 vel
1779 2538 1858 2578 dat

268 2608 509 2677 ΓΕἛΞῙΥἜΕΡΨ
541 2612 806 2652 mandatum
839 2612 926 2652 sub
958 2624 1083 2664 pena
1127 2608 1633 2650 excommunicacionis
1676 2608 1736 2648 ad
1778 2621 1856 2647 nu-

286 2677 497 2713 diSsegasded·
541 2682 774 2722 triendum
819 2682 952 2733 tales,
995 2681 1100 2734 ipse
1135 2686 1209 2721 est
1240 2686 1376 2734 pater
1409 2692 1569 2719 eorum
1608 2683 1655 2718 et
1685 2675 1854 2731 preci-l

540 2765 663 2805 puus
677 2751 1011 2792 Antichristus.
1033 2750 1274 2791 Modicum
1297 2750 1455 2803 itaque
1478 2748 1624 2788 debet
1647 2746 1856 2786 christia·
1898 2747 1980 2791 248⁶

614 2920 655 2947 17.
679 2911 796 2940 Codd.:
818 2912 965 2939 debentis.
1040 2912 1089 2946 34,
1110 2910 1159 2939 35.
1181 2911 1218 2938 B:
1241 2914 1273 2938 ut
1286 2910 1465 2945 precipuus.
