2078 3338
214 269 302 299 cAP.
330 264 412 315 xii]
615 275 674 306 DE
701 275 980 307 poTEsTATE
1007 275 1136 307 PAPE.
1736 281 1816 318 323

212 378 401 419 ficiente
448 377 635 432 capitali
678 377 899 431 suffragio
937 380 1074 420 hoste
1114 379 1285 420 Christi
1327 380 1529 422 subdole

212 446 497 488 introducto.
530 447 801 489 Communis
825 453 978 488 autern
993 448 1157 489 modus
1172 449 1398 502 loquendi
1421 463 1528 490 con-

215 518 390 568 cordat,
424 518 565 572 quod,
581 531 706 572 papa
729 523 884 558 stante
905 517 1074 559 inloco
1090 518 1221 559 Petri
1242 519 1320 559 vel
1341 525 1531 573 papatu,

211 600 300 640 per
330 593 510 628 tantum
542 593 620 628 aut
652 593 831 629 tantum
862 588 1091 641 temporis
1122 588 1200 628 ille
1226 589 1359 629 locus
1384 589 1532 630 debet

179 666 321 698 §esse
355 656 691 708 sanctissimus,
737 671 842 698 cum
884 671 1009 711 papa
1039 658 1282 711 pretendit
1320 671 1372 699 se
1406 664 1530 699 stare

211 726 259 766 in
289 727 396 767 loco
431 727 580 767 sancti
611 732 895 778 sanctorum,
938 727 986 767 in
1032 727 1163 768 cuius
1203 727 1387 782 signum
1421 742 1529 769 con-

212 796 356 837 sentit
401 798 529 850 quod
560 802 761 838 vocetur
798 800 931 850 pater
967 798 1296 840 sanctissimam.
1330 797 1532 839 Studeat

211 864 354 919 igitur
387 866 727 920 calumpniator
767 867 905 907 huius
938 867 1183 908 sentencie
1217 868 1275 907 de
1308 881 1399 921 qua
1425 881 1530 921 per-

213 948 328 975 sona
373 936 574 976 ecclesie
618 936 943 990 pertinencius
987 936 1310 978 verificaretur
1357 937 1531 977 dictum

158 1026 195 1046 10
213 1004 384 1047 Christi
415 1007 477 1046 ad
507 1006 701 1057 literam,
736 1012 784 1047 et
817 1020 922 1047 cum
945 1008 1004 1048 de
1026 1006 1182 1047 multis
1205 1006 1531 1060 pseudopapis

212 1074 272 1115 sit
288 1088 466 1127 verum,
490 1076 619 1129 quod
642 1076 736 1116 sint
758 1077 1072 1118 abhominacio
1086 1077 1385 1117 desolacionis
1404 1079 1533 1117 stans

210 1146 259 1185 in
309 1147 402 1186 loco
454 1150 622 1199 sancto,
675 1145 788 1199 quid
833 1147 975 1186 obest
1024 1146 1301 1199 scripturam
1353 1159 1531 1186 sacram

212 1215 447 1267 gravidari
488 1215 578 1256 ista
621 1215 880 1266 sentencia,
922 1221 1000 1256 aut
1045 1215 1158 1269 quid
1191 1216 1391 1269 derogat
1421 1228 1530 1269 pro-

211 1283 333 1324 fecie
358 1284 541 1335 Christi,
576 1286 707 1339 quod
726 1284 832 1339 ipse
864 1285 1076 1339 predixit
1106 1285 1246 1326 nobis
1274 1285 1389 1326 illud
1411 1284 1532 1339 peri-

159 1361 193 1394 15
213 1355 393 1394 culum?
425 1354 533 1395 Non
567 1354 689 1395 enim
717 1354 907 1395 videtur
939 1356 1068 1408 quod
1098 1354 1312 1396 Christus
1343 1355 1530 1395 locutus

214 1429 287 1464 est
331 1424 390 1464 de
433 1425 541 1465 loco
579 1424 817 1471 materiali,
863 1429 916 1465 ut
948 1425 1128 1478 templo
1160 1425 1422 1476 Jerusalem
1454 1425 1532 1465 vel

211 1493 314 1546 alio,
348 1494 456 1547 quia
486 1495 612 1535 nulla
633 1495 711 1535 vel
732 1494 916 1535 modica
938 1494 1162 1535 sanctitas
1184 1494 1274 1535 nisi
1298 1494 1530 1548 equivoce

213 1569 286 1604 est
328 1563 376 1603 in
417 1564 512 1615 illo,
559 1565 645 1605 sed
676 1563 883 1618 loquitur
919 1565 978 1604 de
1009 1565 1116 1605 1000
1163 1563 1406 1618 spirituali,
1452 1563 1532 1617 qui

212 1638 286 1673 est
328 1639 477 1674 status
522 1640 728 1686 sanctus,
772 1634 819 1675 in
864 1648 956 1688 quo
1002 1634 1218 1675 succedit
1261 1647 1380 1674 unus
1418 1639 1531 1687 post

155 1720 196 1742 20
212 1703 351 1743 alium
396 1708 444 1744 et
488 1703 923 1745 abhominacionem
966 1704 1013 1745 in
1058 1704 1139 1745 tali
1180 1704 1288 1744 loco
1330 1716 1530 1744 necesse

213 1778 287 1813 est
318 1772 503 1814 fundari
532 1773 576 1814 in
613 1774 754 1815 clero.

269 1841 365 1884 Sed
399 1849 561 1884 contra
590 1843 705 1884 illud
737 1843 949 1897 arguitur
979 1857 1066 1897 per
1096 1844 1202 1897 hoc,
1236 1843 1366 1897 quod
1397 1843 1526 1896 Apo·
1580 1853 1603 1880 [t
1622 1853 1648 1880 is
1669 1854 1782 1888 argued

211 1913 360 1953 stolus
393 1913 450 1954 II.
479 1913 674 1967 Tessal.,
718 1913 779 1964 II,
824 1928 848 1964 4
894 1914 952 1953 de
995 1912 1290 1954 Antichristo
1327 1914 1529 1966 loquens
1556 1888 1811 1950 ¹¹³}itl}¹iii⁶iii<{⁵t

210 1983 468 2036 prophetat
499 1984 628 2037 quod
658 1984 706 2024 in
737 1984 902 2037 templo
935 1983 1021 2024 Dei
1050 1984 1215 2036 sedeat,
1263 1996 1359 2023 non
1388 1981 1530 2036 igitur
1550 1958 1663 2020 tc‘isffffi
1683 1958 1811 2020 ἓῗξιῗὲ.

154 2057 303 2093 25stat
334 2052 381 2092 in
411 2053 519 2093 loco
553 2058 730 2103 sancto,
777 2058 824 2093 et
854 2065 942 2106 per
982 2065 1282 2105 consequens
1315 2051 1528 2092 Christus

208 2121 276 2162 ibi
306 2135 402 2162 non
431 2122 640 2175 loquitur
673 2123 730 2162 de
763 2122 1067 2163 Antichristo.
1123 2122 1281 2162 Primo
1317 2122 1433 2162 tollo
1465 2121 1528 2161 in-

90 2198 172 2240 24101
211 2191 434 2232 stanciam
463 2193 467 2246 Ι
497 2193 730 2245 detegens
774 2191 1015 2245 fallaciam,
1060 2205 1165 2232 nam
1210 2197 1258 2232 et
1301 2190 1445 2231 stabit
1483 2195 1530 2230 et

211 2261 410 2304 sedebit.
461 2260 618 2303 Stabit
651 2262 708 2302 ad
740 2261 1018 2317 erigendum
1051 2266 1098 2302 et
1135 2261 1527 2315 magnificandum

211 2345 340 2372 suam
370 2332 639 2385 potenciam
670 2338 904 2385 tamquam
936 2337 1126 2385 paratus
1161 2332 1218 2372 ad
1250 2331 1528 2385 temporalia

154 2410 195 2442 30
209 2401 499 2456 rapiendum,
549 2415 653 2442 nam
698 2401 819 2442 sicut
863 2400 1132 2455 Stephanus
1176 2400 1295 2441 vidit
1338 2400 1528 2442 Ihesum

211 2476 413 2513 stantem
445 2485 470 2512 a
502 2471 682 2512 dextris
714 2471 900 2512 virtutis
932 2471 1026 2511 Dei
1047 2472 1152 2512 Act.
1175 2470 1283 2524 VII,
1315 2475 1527 2524 paratum
1559 2479 1784 2541 0ἷῶῑέἓίῑῶἓὲ

211 2542 269 2582 ad
311 2544 520 2582 membra
572 2555 655 2582 sua
705 2541 940 2582 certancia
988 2541 1306 2594 relevandum,
1360 2546 1408 2580 et
1459 2539 1526 2580 sic
1789 2535 1795 2541 '

209 2611 463 2665 utrobique
484 2611 694 2665 loquitur
715 2611 949 2665 scriptura
970 2613 1029 2652 de
1052 2610 1262 2652 stacione
1286 2610 1527 2663 spirituali,

212 2681 319 2734 quia
347 2685 414 2732 (ut
444 2681 665 2733 creditur)
696 2680 966 2735 Stephanus
996 2694 1094 2721 non
1121 2680 1239 2720 vidit
1270 2679 1528 2720 stacionem

156 2757 195 2790 35
213 2752 508 2805 corporalem
541 2751 599 2791 ad
619 2756 793 2792 tantam
817 2750 1090 2791 distanciam
1117 2751 1255 2793 oculo
1280 2749 1527 2803 corporali,

282 2910 309 2939 3.
332 2910 427 2940 Cod.:
442 2914 514 2939 stat.
596 2919 645 2939 22.
661 2909 762 2938 Codd.
774 2911 804 2937 in
818 2918 931 2946 marg:
953 2910 1158 2938 Antichristus
1171 2909 1324 2945 quomodo
1344 2909 1527 2937 ostenditur.

1325 2958 1389 2989 21*
