2078 3338
246 271 324 321 158

347 1661 413 1687 Our

242 1695 374 1730 prelates
395 1695 505 1730 preach

311 1730 438 1756 another

275 1765 381 1799 gospel
402 1765 483 1791 than*

306 1799 448 1827 Christ’s.

969 282 1191 315 JOHANNIS
1218 281 1401 314 WYCIJF
1634 266 1740 324 [effla.
1768 280 1834 308 vn.

531 386 705 428 veritas
739 391 787 427 et
808 388 864 428 ad
885 387 1174 428 innitendum
1198 387 1546 440 preeminencie
1569 387 1841 440 sanctitatis,

531 458 638 511 quia
670 457 804 498 aliter
836 462 908 497 est
940 462 992 497 ut
1011 456 1329 497 Antichristus
1351 456 1550 496 maxime
1574 456 1840 497 discreden-

532 529 618 568 dus
665 533 712 568 et
754 542 780 567 a
824 526 1044 567 comitiva
1081 525 1286 566 fidelium
1316 526 1545 579 precipue
1577 525 1844 578 fugiendus,

532 598 594 638 Et
624 596 771 637 tercio
803 597 983 637 recolat
1015 596 1144 649 quod
1171 595 1394 636 Roboam
1426 609 1487 635 ex
1520 595 1844 636 dominacione

529 666 808 719 pompatica,
837 679 973 718 quam
997 665 1157 705 didicit
1180 678 1242 705 ex
1265 664 1459 705 consilio
1481 664 1702 705 iuvenum
1726 664 1845 706 dixit
1860 670 1876 702 5

529 736 658 789 false,
704 736 831 789 quod
871 736 1094 776 minimus
1137 735 1307 787 digitus
1335 746 1446 774 suus
1479 734 1577 784 fuit
1612 736 1845 787 poteucior

532 807 666 846 dorso
693 806 856 858 patris,
890 810 938 845 et
973 817 1062 857 per
1093 805 1184 844 hoc
1217 803 1415 844 divisum
1449 808 1522 844 est
1550 816 1762 857 regnum,
1794 809 1845 845 ut

529 880 662 928 patet
706 874 787 917 III.
824 874 949 928 Reg.
988 873 1099 925 XII,
1150 887 1199 914 10
1243 878 1292 914 et
1334 879 1465 914 notat
1510 873 1844 926 Crysostomus

533 943 714 985 Omelia
743 944 892 997 prima
926 942 1099 996 Operis
1137 943 1421 996 Imperfecti.
1459 943 1520 984 Et
1552 942 1756 997 applicet
1787 943 1845 983 ad

527 1016 618 1054 hoc
650 1015 799 1054 verba
836 1027 921 1054 sua
953 1019 1000 1054 et
1037 1027 1197 1067 opera,
1237 1013 1276 1053 si
1310 1013 1517 1066 implicat
1548 1026 1599 1053 se
1638 1014 1903 1054 extollerem

527 1097 665 1136 super
703 1096 834 1123 omne
865 1084 984 1135 quod
1018 1084 1186 1123 dicitur
1215 1082 1350 1135 Deus,
1397 1081 1596 1134 exigens
1641 1082 1842 1123 domina-

531 1153 714 1193 cionem
759 1165 895 1205 quam
940 1151 1151 1192 Christus
1201 1165 1295 1191 non
1338 1156 1501 1205 potest
1544 1151 1752 1207 exigere,
1798 1158 1845 1193 et

531 1222 713 1263 videbit
727 1222 855 1275 quod
874 1222 1060 1263 racione
1078 1222 1216 1262 huius
1236 1221 1464 1275 precipue
1480 1221 1845 1263 christianismus

531 1292 766 1342 dividitur,
805 1305 910 1332 nam
940 1292 1106 1331 fideles
1140 1293 1196 1332 ab
1231 1304 1288 1330 eo
1320 1297 1616 1331 recesserant
1647 1296 1846 1344 propter

529 1362 684 1402 fetens
708 1361 809 1403 eius
832 1361 1096 1412 dominium,
1130 1367 1177 1401 et
1206 1361 1314 1401 hinc
1334 1360 1590 1413 impeditur
1610 1359 1844 1413 utrimque
1864 1368 1900 1401 15

532 1431 782 1472 conversio
819 1430 1074 1471 infidelium
1105 1431 1164 1471 ad
1194 1431 1350 1486 legem
1380 1429 1590 1478 Domini;
1634 1436 1727 1470 tam
1762 1444 1844 1471 ex-

529 1506 700 1552 tranea,
720 1500 922 1553 inquam,
952 1499 1139 1540 videtur
1162 1499 1466 1540 conversacio
1493 1500 1591 1540 eius
1615 1513 1639 1540 a
1662 1499 1846 1541 Christo

532 1571 659 1623 quod
689 1571 834 1623 longe
856 1570 963 1623 plus
985 1569 1189 1609 variatur
1211 1571 1267 1609 ab
1298 1583 1353 1610 eo
1375 1583 1512 1622 quam
1540 1569 1844 1611 conversacio

532 1640 830 1679 sacerdotum
882 1638 1058 1678 veteris
1095 1638 1216 1692 legis
1261 1652 1286 1678 a
1329 1639 1514 1692 Moyse,
1567 1638 1646 1691 qui
1689 1652 1845 1689 senen,

532 1708 690 1749 verbis
725 1713 772 1748 et
803 1708 1015 1748 doctrina
1039 1714 1370 1760 remanserant,
1405 1709 1489 1748 sed
1511 1708 1607 1748 vita
1629 1714 1677 1748 et
1699 1721 1844 1761 opere
1862 1728 1903 1749 20

530 1784 842 1819 recesserunt.
893 1777 991 1818 Iste
1023 1783 1178 1818 autem
1214 1791 1337 1831 papa
1367 1777 1555 1819 videtur
1587 1783 1845 1819 extraneus

531 1861 556 1887 a
579 1847 779 1901 Christo,
812 1847 892 1900 qui
921 1853 1014 1887 tam
1039 1847 1136 1888 vita
1167 1861 1303 1901 quam
1337 1847 1550 1888 doctrina
1581 1850 1638 1889 ab
1672 1861 1728 1888 eo
1756 1847 1846 1889 dis-

532 1918 709 1970 cordat,
742 1930 847 1957 nam
869 1917 1032 1958 Matth.
1055 1917 1246 1970 XXIV,
1276 1929 1318 1957 11
1348 1916 1559 1964 Christus
1583 1917 1696 1958 dicit
1718 1918 1846 1970 quod

524 1988 839 2040 predicabitur
868 1988 947 2027 hoe
984 1988 1268 2039 evangelium
1307 1988 1366 2027 de
1397 1986 1760 2039 pseudochristo
1797 1988 1846 2027 iu

530 2058 737 2098 universo
770 2058 941 2097 mundo
973 2057 1020 2096 iu
1051 2057 1360 2097 testimouium
1391 2058 1598 2097 omuibus
1623 2057 1902 2110 gentibus,25

531 2127 715 2180 pseudo
740 2131 895 2166 autem
917 2126 1089 2166 nedum
1112 2131 1186 2167 est
1204 2125 1528 2179 interpositus,
1556 2131 1608 2167 ut
1629 2125 1689 2166 sit
1710 2126 1847 2167 testis

533 2196 719 2237 Christo
757 2195 805 2235 in
843 2195 995 2247 terris,
1033 2196 1120 2235 sed
1156 2195 1459 2248 persequitur
1488 2195 1608 2247 illos,
1646 2195 1724 2248 qui
1755 2195 1847 2235 hoc

533 2266 830 2323 evangelium
868 2270 1168 2315 attestantur;
1211 2266 1336 2305 unde
1373 2265 1561 2306 videtur
1591 2266 1720 2319 quod
1755 2278 1847 2305 non

533 2337 591 2376 de
634 2335 724 2375 illis
757 2335 970 2376 Christus
1014 2340 1194 2375 tantum
1222 2332 1226 2391 Ι
1256 2335 1462 2388 confidit,
1506 2340 1558 2375 ut
1600 2335 1660 2375 de
1698 2348 1846 2375 sacer-
1888 2356 1969 2385 200⁰

534 2405 723 2447 dotibus
760 2405 882 2458 legis
913 2404 1101 2457 veteris,
1135 2418 1238 2445 cum
1270 2405 1433 2447 Matth.
1465 2404 1655 2455 XXIII,
1688 2419 1710 2456 3
1751 2404 1848 2445 suis
1865 2412 1906 2444 30

531 2474 754 2529 precipit:
794 2475 962 2515 Omnia
997 2487 1270 2526 quecumque
1307 2475 1506 2515 dixerint
1542 2474 1664 2515 vobis
1688 2473 1848 2526 facite,

532 2546 779 2585 secuudum
812 2556 952 2596 opera
983 2556 1140 2584 eorum
1172 2544 1306 2584 nolite
1331 2543 1506 2596 facere,
1544 2544 1698 2584 dicunt
1728 2543 1848 2583 euim

532 2618 571 2655 et
603 2627 689 2654 uou
711 2613 907 2665 faciunt.
950 2613 1135 2654 Dicitur
1166 2618 1322 2653 autem
1353 2613 1481 2666 quod
1507 2612 1658 2654 nostri
1679 2610 1849 2665 prelati

535 2696 596 2723 ex
626 2683 788 2723 maiori
820 2682 1127 2737 elongacione
1159 2697 1186 2722 a
1208 2681 1394 2723 Christo
1427 2695 1514 2735 per
1545 2681 1847 2735 superinduc-

533 2758 626 2793 tam
659 2752 956 2793 dotacionem
979 2765 1216 2793 cesaream
1237 2764 1326 2792 nec
1350 2751 1510 2792 dicunt
1536 2764 1626 2791 nec
1657 2750 1846 2791 faciunt.
1864 2759 1906 2793 35.

603 2936 634 2969 9.
662 2926 753 2968 Opp.
780 2933 863 2957 tom.
883 2926 925 2958 VI
953 2926 1033 2967 (Ed.
1059 2926 1189 2967 Migne)
1215 2936 1248 2967 p.
1274 2924 1353 2959 622.
