2078 3338
254 268 334 304 414

254 378 335 412 Papa
355 381 382 404 et
402 376 573 404 cardinales
595 376 784 403 dominative
808 376 964 403 dit'tininnt
985 384 1080 410 quan-

322 417 385 439 tum
407 411 444 438 de
465 411 585 438 redditu
606 411 729 438 annuali
755 410 782 437 in
806 412 978 438 animarum
1003 411 1078 444 peri-

322 447 424 473 culum
446 454 526 480 papa
547 446 610 473 vult
630 446 741 472 habere
761 445 796 472 de
817 446 930 479 Anglia
953 445 1021 473 226.

254 482 334 516 Papa
355 481 513 515 quomodo
534 481 621 507 debet
642 481 797 515 corripere
821 480 884 515 159,
908 480 970 507 160.

254 517 338 578 Ραρεέ
353 515 505 542 consentit
526 515 609 549 quod
632 520 754 542 vocetur
778 519 863 549 pater
885 514 1080 541 beatissimus

345 549 489 577 61—362.

254 586 334 619 Papa
365 589 528 619 acceptans
559 583 694 611 osticium
729 588 854 618 propter
885 583 997 610 fastum
1031 587 1080 610 aut

322 623 463 654 questum
486 623 590 654 peccat
609 619 777 645 mortaliter
800 617 863 645 152.

254 655 333 688 Papa
366 653 520 687 accipiens
554 653 734 688 dignitatem
771 652 873 687 gracia
904 652 1001 679 fastus
1036 652 1079 679 vel

322 692 449 724 questus
470 689 718 715 excommunicat
739 696 770 714 se
789 688 893 722 ipsum
915 686 985 715 363.

254 723 364 750 Mulier
384 730 444 750 non
468 727 567 757 potest
587 730 653 749 esse
674 730 753 757 papa
775 729 840 757 271,
863 729 932 757 272.

255 759 436 784 l’otestateni
460 765 538 792 papa
559 757 582 784 si
605 757 695 784 liabet
715 766 731 784 a
751 757 888 784 Domino
911 757 980 783 228.

253 792 444 854 Univ3ersalis
471 800 549 826 papa
576 791 673 819 noluit
695 792 864 826 Gregorius
885 791 988 818 vocari
1013 790 1079 825 301,

344 835 396 854 02.

252 863 332 897 Pape
353 862 500 888 miracula
520 861 618 888 facere
640 869 700 888 iioii
723 865 854 896 possunt
877 860 940 888 106.

253 898 332 931 Pape
352 896 461 923 debent
483 904 549 922 esse
564 896 705 923 doctores
721 896 840 930 plebem
855 895 1001 922 docentes
1016 902 1078 922 102.

254 932 333 966 Pape
363 938 423 958 iion
454 931 567 958 liabent
594 935 773 965 potestatem
803 935 950 964 quantam
975 929 1082 956 habuit

322 966 428 1027 be3ms
455 965 565 1027 getrus
595 966 640 992 vel
671 966 748 992 alius
777 964 892 992 Christi
921 965 1081 999 apostolus

324 1008 356 1027 io
380 1008 450 1027 —10
478 1022 482 1027 .

251 1035 429 1063 Abusiones
449 1043 527 1069 pape
548 1033 716 1069 386-395.

252 1071 296 1097 l)e
318 1074 468 1105 potestate
489 1077 565 1104 pape
586 1068 635 1102 43.

251 1106 301 1132 An
323 1108 460 1139 potestas
481 1112 558 1138 pape
579 1104 617 1131 sit
637 1104 755 1131 infinita
779 1103 849 1138 236,
872 1103 942 1138 237.

250 1139 434 1166 Jiii-isdiccio
455 1146 533 1173 pape
555 1137 623 1172 234.

251 1175 333 1209 Pape
362 1173 561 1201 condiciones
593 1172 717 1207 triginta
747 1177 877 1208 quatuor
910 1175 1080 1200 secundum

323 1208 534 1235 ssernhardum
557 1208 660 1243 266s7‚
684 1215 755 1243 270.

252 1244 333 1277 Pape
353 1243 510 1270 institucio
531 1251 547 1269 a
567 1242 681 1270 Cesare
703 1242 772 1270 232.

253 1278 450 1313 blasphemia
483 1278 564 1312 quod
600 1281 735 1312 potestas
774 1282 852 1312 pape
889 1277 928 1304 sit
964 1277 1081 1304 infinita

322 1321 415 1347 supra
435 1312 511 1339 alios
531 1312 696 1347 episcopos
718 1311 787 1340 300.

257 1348 452 1383 lilasphemia
473 1351 518 1374 est
538 1347 621 1382 quod
642 1347 725 1374 Deus
746 1348 842 1382 legem
865 1354 1082 1382 quamcunque

324 1390 404 1417 papa
423 1381 565 1409 iustificat
585 1381 656 1416 346.

254 1416 424 1452 Correpcio
445 1424 523 1451 pape
543 1416 623 1443 licita
645 1416 715 1450 264.

256 1452 396 1479 Vicarius
417 1459 495 1486 pape
516 1451 604 1478 debet
624 1455 730 1478 notare
751 1450 832 1478 dicta
852 1452 941 1479 Petro
965 1451 1028 1486 159.

253 1486 414 1514 Possessio
436 1494 513 1520 pape
534 1494 594 1513 non
616 1490 662 1512 est
675 1486 745 1513 data
760 1494 775 1513 a
791 1485 916 1513 Christo
932 1488 976 1513 vel
994 1487 1081 1512 Petro

322 1521 374 1548 sed
395 1529 411 1548 a
433 1519 544 1548 Cesare
566 1528 630 1556 170,
655 1528 716 1555 171.

255 1558 392 1584 Potestas
413 1563 491 1590 pape
512 1555 660 1582 moderna
682 1554 751 1583 203.

254 1591 327 1619 Sine
347 1599 427 1626 papa
447 1594 551 1624 posset
570 1590 665 1617 homo
686 1591 799 1617 salvari
821 1590 891 1625 246.

254 1627 334 1661 Pape
355 1625 521 1660 postulatio
542 1633 598 1660 pro
619 1624 758 1652 subsidio
780 1624 851 1653 223.

254 1662 303 1688 Au
325 1668 404 1695 papa
424 1659 576 1687 sufficeret
602 1659 742 1694 dignitati
769 1660 815 1687 sui
836 1660 928 1687 otficii
951 1660 1009 1687 nisi
1030 1660 1081 1686 lia-

324 1696 406 1722 beret
425 1702 517 1729 regna
538 1699 565 1721 et
585 1695 714 1729 copiosa
734 1694 873 1722 dominia
894 1693 943 1722 86.

254 1729 420 1765 Deposicio
442 1737 593 1764 paparum
617 1728 688 1763 252,
712 1728 781 1757 253.
971 1763 976 1768 .

253 1767 482 1800 Argumentum
505 1771 576 1798 pro:
606 1772 717 1798 papam
740 1772 806 1791 esse
826 1768 854 1791 et
875 1772 930 1799 pro
952 1771 1016 1791 eius
1038 1771 1082 1791 re-

325 1799 439 1833 Ι1111111110
461 1799 529 1833 250,
553 1798 618 1826 251.

255 1835 370 1867 Papam
391 1835 496 1861 vocari
518 1834 586 1868 quis
606 1834 738 1861 instituit
761 1833 828 1861 215.

253 1871 301 1896 Ad
318 1877 384 1895 esse
400 1876 511 1903 papam
526 1868 692 1903 requiritur
713 1869 824 1896 eleccio
839 1867 893 1895 Dei
916 1866 987 1901 362,
1010 1866 1080 1895 363.

253 1905 385 1938 Papatus
405 1907 433 1930 et
453 1911 523 1930 vera
543 1903 719 1930 dominacio
741 1903 888 1930 secularis
908 1903 991 1937 (sibi)
1011 1910 1081 1929 con-

324 1938 476 1965 tradicunt
500 1937 563 1966 138.

254 1973 394 2000 Moderni
415 1973 576 2007 pontifices
597 1977 667 2000 sunt
685 1972 828 2000 diabolici
844 1974 988 2008 antipape
1009 1972 1080 2000 262.

253 2008 364 2034 Paulus
376 2007 570 2035 autoritatem
582 2012 609 2034 et
627 2007 781 2034 licentiam
800 2007 837 2034 ad
858 2007 1080 2042 predicandum

326 2050 386 2069 non
409 2050 423 2068 a
445 2043 532 2069 Petro
553 2041 671 2076 accepit
691 2042 740 2077 98.

253 2077 365 2104 Paulus
385 2077 517 2112 amplius
539 2081 720 2112 potestatem
742 2077 849 2104 habuit
869 2085 960 2113 quam
977 2078 1083 2104 Petrus

328 2120 390 2145 140,
414 2120 472 2145 141.

254 2146 366 2173 Paulus
386 2146 509 2174 Petrum
531 2147 707 2180 reprobavit
727 2146 776 2181 78.

256 2182 348 2207 Paulo
369 2181 441 2208 iiiliil
470 2183 664 2208 contulerunt
690 2184 833 2208 columne
853 2182 981 2208 ecclesie
1001 2182 1081 2216 77l25.

256 2216 422 2250 Paupertas
449 2216 624 2251 evangelica
650 2223 710 2243 non
738 2221 797 2243 stat
821 2216 851 2243 111
880 2224 941 2243 11011
970 2216 1083 2243 habere

325 2250 507 2285 temporalia
528 2250 580 2278 sed
600 2251 630 2277 in
652 2251 810 2278 moderate
832 2251 943 2278 habere
964 2250 1012 2279 85.

255 2285 337 2319 Papa
370 2289 583 2319 paupertatem
615 2285 823 2320 evangelicam
856 2285 967 2313 docere
996 2285 1083 2312 debet

326 2323 388 2346 tam
409 2328 501 2354 opere
521 2328 613 2355 quarn
635 2328 777 2347 sermone
799 2319 848 2353 84.

255 2354 380 2382 Fratres
408 2354 544 2381 Minores
574 2354 737 2382 defendere
765 2355 875 2381 debent
895 2354 1082 2382 sentenciam

325 2390 362 2416 de
382 2394 560 2424 paupertate
580 2390 753 2427 evangelica
775 2388 823 2417 82.

256 2424 335 2456 Pape
367 2424 567 2458 pauperrimo
595 2423 735 2451 Christus
768 2424 925 2451 meliorem
964 2432 1085 2458 posses-

326 2458 445 2520 5120110111
472 2459 571 2486 daret:
605 2464 746 2486 Virtutem
776 2459 907 2486 faciendi
937 2459 1084 2485 miracula

325 2501 342 2528 9
368 2515 373 2520 .

256 2528 311 2555 Dei
324 2528 404 2555 tilius
420 2528 569 2555 naturalis
583 2528 708 2555 venitin
725 2528 877 2555 mundum
892 2528 930 2555 ob
946 2536 1083 2555 amorem

326 2566 466 2590 nostrum
488 2563 517 2590 in
538 2563 694 2590 artissima
714 2567 904 2598 paupertate,
925 2568 954 2590 et
969 2563 1026 2590 lioc
1047 2563 1082 2590 ad

326 2597 564 2631 exemplandum
586 2598 676 2625 nobis
698 2597 746 2626 85.

256 2632 416 2659 Peccatum
437 2632 596 2667 quomodo
618 2632 745 2667 prodest
764 2631 833 2667 303,
856 2631 925 2666 304.

256 2667 356 2694 Nemo
379 2666 434 2693 sibi
455 2671 586 2701 arroget,
607 2667 689 2702 quod
705 2667 803 2695 aufert
818 2672 941 2696 peccata
962 2666 1083 2702 27—31.

258 2702 349 2729 Solus
369 2701 451 2728 Deus
471 2702 569 2729 aufert
591 2706 713 2737 peccata
734 2701 855 2737 27—31.

258 2737 364 2798 Petra?
390 2736 480 2763 simul
507 2744 577 2764 cum
606 2735 729 2764 Christo
756 2736 814 2764 fuit
840 2744 981 2764 summus
1011 2745 1084 2772 pon—

327 2775 345 2797 ti
364 2779 401 2797 ex
441 2779 470 2805 4.

257 2805 366 2832 Petrus
386 2778 598 2840 ap70stolorum
620 2806 812 2834 humillimus
834 2805 883 2841 78.

258 2840 549 2903 Ρο111151011011ἐοάο
575 2840 743 2876 primatum
770 2841 877 2868 habuit
902 2841 980 2869 inter
1010 2849 1084 2876 apo-

328 2879 374 2901 sto
389 2883 423 2902 os
443 2883 460 2910 9
487 2897 493 2909 ‚
514 2882 564 2910 97.

917 259 1134 295 GENERAL
1161 263 1201 294 IN
1211 263 1310 294 DEX.

1153 376 1258 403 Petrus
1283 375 1399 410 accepit
1427 375 1593 407 primatum
1621 383 1677 409 pro
1704 375 1769 403 suis
1790 375 1913 403 vicariis
1933 383 1980 402 sa·

1221 410 1394 438 cerdotibus
1415 410 1444 436 iii
1466 410 1592 437 ecclesia
1613 411 1763 438 militante
1782 409 1832 444 43.

1155 446 1258 472 Petrus
1279 449 1349 479 post
1369 445 1529 472 Christum
1552 446 1719 479 primatum
1739 446 1835 473 tenuit
1853 445 1904 479 43.

1155 481 1259 507 Petrus
1290 480 1455 513 primatum
1486 480 1655 514 apostolice
1684 480 1840 515 dignitatis
1876 480 1980 507 habuit

1154 522 1261 576 Penii}
1280 523 1484 584 i1i9s'ci-iptura
1499 549 1611 576 dicitur
1630 549 1750 584 primus
1766 549 1979 583 apostolorum

1154 619 1259 646 Petrus
1280 619 1364 645 solus
1384 618 1475 645 traxit
1496 623 1557 645 rete
1577 619 1614 646 ad
1635 618 1706 645 litus
1728 618 1776 646 50.

1154 652 1263 680 Claves
1278 653 1384 680 Petrus
1405 653 1519 687 recepit
1538 661 1598 680 non
1614 653 1795 687 simpliciter
1809 660 1864 688 pro
1881 661 1911 679 se
1927 652 1980 679 sed

1222 688 1406 723 generaliter
1426 696 1482 722 pro
1502 688 1631 715 ecclesia
1651 687 1713 723 139,
1737 696 1801 722 140.

1153 722 1231 750 Petri
1253 722 1401 749 vicarium
1422 727 1544 757 oportet
1565 724 1721 758 sequendo
1733 723 1857 760 Petrum
1878 721 1979 760 quoad

1222 762 1322 784 actum
1352 761 1380 784 et
1407 765 1510 785 mores
1536 758 1573 784 de
1600 765 1730 792 corpore
1751 757 1877 784 ecclesie
1900 756 1981 783 deri-

1222 792 1285 819 vari
1307 792 1356 820 62.

1154 826 1285 854 Stultum
1306 826 1385 853 foret
1403 826 1516 862 fingere
1536 827 1619 862 quod
1644 834 1753 854 omnes
1776 826 1827 853 alii
1847 825 1979 860 apostoli

1223 869 1382 888 recursum
1403 862 1439 888 ad
1461 862 1583 888 Petrum
1604 862 1648 889 vel
1670 862 1736 889 eins
1755 860 1905 888 vicarium
1931 862 1980 886 tia-

1224 897 1354 923 buerunt
1375 896 1424 931 76,
1447 904 1496 931 77.

1153 931 1239 958 Sient
1269 935 1339 966 post
1366 931 1523 959 Christum
1550 931 1684 966 Petrum,
1715 930 1759 958 sic
1784 934 1855 965 post
1877 929 1981 967 ipsum

1222 969 1343 1000 oportet
1370 974 1437 993 esse
1468 966 1662 1000 capitaneum
1688 966 1718 993 in
1746 964 1873 992 ecclesia
1901 964 1982 991 111111-

1221 1005 1304 1027 tante
1324 1000 1373 1029 62.

1156 1035 1311 1069 Digressio
1332 1036 1368 1062 de
1388 1035 1534 1070 dignitate
1549 1035 1627 1063 Petri
1649 1040 1676 1062 et
1695 1034 1844 1063 Johannis
1858 1033 1910 1068 45,
1931 1033 1980 1071 46.

1154 1070 1232 1107 Petri
1251 1069 1393 1108 virtutes:
1420 1070 1506 1104 fides,
1528 1070 1696 1109 humilitas,
1725 1069 1836 1097 caritas
1858 1068 1981 1096 56--60,

1152 1104 1344 1131 ‘testimonia
1367 1109 1546 1132 sanctorum
1571 1113 1626 1140 pro
1648 1109 1776 1140 primatu
1799 1103 1878 1131 Petri
1902 1102 1981 1136 54l5.

1154 1139 1218 1166 Soli
1241 1140 1328 1166 Petro
1349 1144 1508 1167 ostensum
1529 1144 1573 1167 est
1592 1140 1742 1167 lintheum
1766 1138 1814 1166 52.

1155 1174 1242 1201 Petro
1263 1174 1405 1202 Christus
1427 1178 1549 1210 pastum
1569 1179 1631 1201 tam
1653 1174 1759 1202 ovium
1779 1180 1872 1208 quam
1892 1178 1983 1207 agno-

1224 1217 1291 1236 rum
1313 1209 1469 1237 commisit
1491 1209 1534 1236 51.

1155 1243 1297 1271 Christus
1311 1243 1398 1271 Petro
1413 1244 1470 1271 soli
1486 1244 1658 1271 doctrinam
1674 1241 1884 1277 correpcionis
1899 1248 1983 1268 com-

1224 1278 1392 1306 municavit
1414 1278 1461 1306 50.

1156 1314 1242 1340 Petro
1263 1313 1347 1341 dedit
1366 1313 1512 1340 dominus
1532 1313 1632 1340 claves
1653 1313 1708 1340 celi
1728 1312 1778 1347 48.
1961 1346 1966 1350 ”

1154 1349 1262 1375 Petrus
1291 1348 1458 1410 0151311111115
1488 1348 1578 1375 simul
1609 1352 1695 1375 erant
1724 1347 1854 1375 Romani
1882 1350 1982 1382 ponti-

1224 1383 1295 1410 fices
1359 1404 1365 1409 .

1156 1419 1262 1445 Petrus
1282 1390 1440 1444 et7Paulus
1466 1425 1527 1444 non
1554 1418 1750 1445 excluserunt
1776 1416 1941 1453 episcopos
1967 1424 1982 1443 a

1224 1452 1511 1487 superintendencia
1532 1452 1638 1487 populi
1661 1452 1709 1487 73.

1156 1487 1298 1521 (3111111101-
1318 1487 1364 1514 vie
1385 1487 1589 1514 constituendi
1611 1487 1772 1522 pontifices
1793 1486 1842 1515 68.

1156 1523 1292 1549 Potestas
1312 1522 1384 1556 quid
1407 1526 1453 1548 est
1475 1530 1496 1549 1.

1156 1556 1290 1584 Potestas
1311 1564 1372 1584 sec.
1392 1556 1591 1584 Aristotelem
1610 1561 1656 1584 est
1669 1556 1858 1592 principium
1879 1559 1983 1582 motus

1224 1592 1268 1653 vlel
1291 1591 1471 1619 mutationis
1491 1596 1542 1618 aut
1561 1591 1590 1618 iii
1612 1592 1705 1618 altero
1721 1596 1772 1619 aut
1785 1592 1816 1618 in
1831 1595 1981 1626 quantum

1224 1634 1239 1653 a
1254 1631 1353 1653 terum
1377 1635 1399 1653 1.

1155 1661 1292 1688 Potestas
1312 1666 1359 1688 est
1372 1662 1418 1687 vis
1438 1661 1605 1696 generandi
1628 1665 1656 1688 et
1675 1659 1896 1695 corrumpendi
1919 1667 1946 1687 2.

1155 1696 1292 1723 Potestas
1319 1700 1364 1722 est
1390 1696 1514 1723 habitus
1541 1695 1708 1723 accidentis
1738 1695 1907 1730 acquisitus
1934 1702 1982 1721 se-

1224 1730 1359 1757 cundum
1381 1730 1445 1758 eius
1466 1730 1638 1758 subiectum
1666 1735 1775 1766 potens
1797 1734 1840 1757 est
1860 1729 1981 1757 alterius

1225 1769 1408 1793 mutativum
1428 1775 1457 1799 4.

1156 1800 1292 1827 Potestas
1320 1800 1449 1827 liberum
1479 1799 1639 1827 arbitrium
1674 1799 1844 1827 secundum
1873 1799 1983 1826 Aiisel-

1224 1843 1308 1862 mum
1330 1839 1375 1862 est
1393 1844 1422 1869 4.

1156 1870 1291 1897 Potestas
1310 1874 1355 1897 est
1375 1869 1563 1905 principium
1587 1869 1795 1896 benefaciendi
1817 1867 1846 1903 3,
1865 1877 1895 1902 4.

1156 1905 1291 1932 Potestas
1321 1913 1381 1931 non
1409 1909 1454 1931 est
1479 1904 1552 1940 quid
1573 1904 1748 1932 absolutum
1772 1903 1854 1938 quod
1881 1907 1983 1938 posset

1246 1948 1278 1966 er
1301 1947 1332 1966 se
1352 1940 1482 1966 existere
1503 1939 1555 1966 sed
1582 1939 1671 1966 datur
1699 1947 1715 1965 a
1744 1938 1808 1965 Deo
1829 1938 1865 1965 ad
1887 1946 1982 1973 popu-

1236 1982 1286 2001 um
1307 1975 1335 2000 in
1357 1974 1412 2000 Dei
1433 1974 1558 2001 nornine
1578 1973 1780 2008 regulandum
1803 1981 1848 2000 21.

1156 2009 1292 2036 Potestas
1307 2009 1495 2044 quandoque
1510 2008 1643 2036 sumitur
1663 2016 1719 2044 pro
1743 2011 1894 2043 potestate
1913 2014 1983 2042 pre·

1223 2048 1309 2070 tensa
1329 2044 1374 2070 vel
1395 2043 1470 2070 false
1492 2043 1616 2079 palliata
1639 2043 1664 2070 5.

1155 2079 1293 2106 Potestas
1313 2078 1409 2105 activa
1429 2083 1457 2105 et
1478 2078 1599 2113 passiva
1620 2077 1648 2106 3.

1155 2113 1421 2174 Ρο1051ἒ51101ν1115
1450 2118 1496 2140 051
1524 2117 1659 2148 potestas
1685 2113 1722 2140 ad
1749 2112 1981 2140 coliorcendum

1224 2156 1255 2175 re
1280 2156 1294 2174 e
1320 2156 1351 2174 es
1370 2156 1399 2181 4.

1156 2183 1293 2210 Potestas
1314 2187 1413 2209 creata
1438 2198 1465 2201 —
1485 2183 1620 2210 increata
1641 2190 1669 2218 2,
1689 2181 1717 2211 3.

1156 2217 1265 2245 Creata
1277 2221 1412 2251 potestas
1421 2217 1465 2244 vel
1478 2221 1523 2244 est
1534 2217 1706 2252 corporalis
1714 2218 1759 2244 vel
1772 2216 1943 2252 spiritualis
1955 2215 1981 2243 3.

1155 2252 1293 2279 Potestas
1314 2252 1484 2287 corporalis
1504 2256 1549 2279 est
1569 2257 1703 2287 potestas
1724 2256 1756 2279 ut
1776 2255 1915 2279 creatura
1929 2251 1984 2278 Dei

1225 2286 1387 2314 ordinatur
1408 2287 1578 2314 secundum
1600 2287 1681 2314 bona
1701 2286 1850 2314 naturalia
1872 2294 1910 2313 11.

1156 2322 1294 2349 Potestas
1313 2322 1445 2348 clavium
1468 2321 1706 2349 sacerdotalium
1726 2329 1788 2348 non
1805 2325 1904 2356 potest
1918 2328 1983 2347 esse

1226 2356 1291 2383 sine
1312 2355 1438 2383 scientia
1459 2357 1611 2391 scripture
1633 2364 1695 2391 141.

1157 2391 1296 2418 Potestas
1317 2391 1449 2418 clavium
1471 2391 1539 2418 data
1562 2391 1648 2418 Petro
1670 2396 1827 2426 tamquam
1850 2389 1982 2425 generali

1226 2425 1418 2460 procuratori
1438 2426 1564 2453 ecclesie
1585 2426 1782 2453 sacerdotum
1804 2424 1853 2460 98.

1157 2460 1249 2487 Aliud
1270 2464 1316 2487 est
1337 2463 1471 2494 potestas
1491 2460 1594 2494 officii,
1615 2460 1695 2487 aliud
1720 2460 1858 2487 executio
1881 2459 1925 2487 16.

1156 2495 1295 2521 Potestas
1315 2494 1434 2521 ordinis
1455 2495 1609 2522 ministrat
1628 2499 1822 2522 sacramenta
1844 2502 1883 2522 11.

1158 2530 1295 2556 Potestas
1321 2529 1590 2564 predestinationis
1618 2534 1664 2557 051
1690 2529 1824 2556 maxima
1851 2533 1983 2564 potestas

1226 2571 1318 2599 quam
1340 2563 1422 2591 Deus
1442 2564 1652 2591 communicat
1670 2564 1781 2591 viatori
1799 2563 1850 2598 43.

1157 2599 1294 2625 Potestas
1306 2599 1426 2626 ordinis
1438 2603 1483 2625 est
1496 2607 1552 2634 par
1565 2599 1594 2626 in
1611 2599 1749 2634 quolibet
1760 2598 1919 2626 sacerdote
1933 2598 1982 2634 95.

1157 2634 1295 2660 Potestas
1321 2638 1367 2660 est
1386 2641 1479 2672 quam
1506 2634 1596 2661 habet
1619 2633 1764 2660 sacerdos
1783 2634 1814 2661 in
1836 2637 1982 2668 quantum

1226 2672 1271 2694 est
1293 2668 1406 2695 Christi
1426 2669 1571 2696 sacerdos
1592 2668 1642 2703 95,
1662 2668 1712 2704 96.

1157 2703 1294 2730 Potestas
1310 2702 1469 2737 regiminis
1484 2703 1547 2730 sive
1561 2702 1791 2730 iurisdiccionis
1806 2702 1863 2729 t‘uit
1878 2702 1985 2736 dispar

1225 2737 1265 2799 ii}5
1277 2737 1408 2765 diversis
1428 2738 1579 2773 apostolis
1600 2742 1627 2764 et
1647 2737 1753 2772 dispar
1778 2737 1808 2764 in
1829 2736 1984 2772 episcopis

1158 2779 1295 2833 Potegstas
1315 2806 1475 2842 regiminis
1506 2814 1565 2833 non
1588 2806 1753 2833 attenditur
1781 2814 1874 2840 penes
1895 2805 1983 2833 insti-

1225 2841 1374 2870 tutionem
1395 2842 1561 2869 humanam
1582 2841 1631 2876 96.

1158 2875 1292 2903 Potestas
1314 2876 1459 2903 secularis
1480 2876 1569 2903 durat
1589 2883 1646 2911 pro
1669 2880 1809 2910 tempore
1829 2875 1877 2902 vie
1897 2882 1946 2909 24.
