2078 3338
218 266 308 293 CAP.
330 257 426 308 vm]
620 267 678 298 DE
705 266 986 298 POTEsTATE
1013 266 1143 298 PAPE.

217 372 405 413 videtur
436 370 735 424 racionabile,
777 371 907 423 quod
938 370 1016 410 ille
1049 369 1129 423 qui
1160 376 1358 411 venerat
1389 375 1540 410 totum

219 454 371 496 genus
407 442 657 480 humanum
694 440 941 492 redimere,
979 440 1027 480 in
1065 440 1221 480 medio
1261 446 1384 480 terre
1416 440 1541 480 habi-

219 511 372 552 tabilis
403 511 679 550 ostenderet
711 510 988 550 medicinam
1028 510 1164 551 iuxta
1204 510 1317 550 illud
1346 508 1540 565 Psalmi}

99 588 178 616 202e
218 580 447 633 LXXIII,
485 594 552 620 12:
587 579 715 620 Dens
752 584 906 620 autem
946 593 1025 620 rex
1060 584 1212 621 noster
1250 584 1355 621 ante
1391 582 1544 621 secula

187 653 434 704 50perams
477 654 540 690 est
569 652 764 690 salutem
809 651 857 690 in
900 651 1051 690 medio
1097 654 1226 691 fferre.
1272 649 1543 691 Secundum

221 720 540 761 cosmimetras
575 719 834 770 Jerusalem
871 719 1065 772 ponitur
1101 720 1144 759 in
1180 720 1335 761 medio
1366 720 1542 776 habita-

217 789 337 840 bilis,
380 789 513 829 locus
560 794 713 829 autem
756 788 835 828 ille
879 789 1003 830 foret
1042 790 1331 830 convencior
1363 803 1543 830 summo

218 858 434 913 pontifici
466 872 606 911 quam
639 860 837 912 angulus
861 859 1054 913 Europe
1077 860 1245 910 Roma,
1278 860 1386 913 quia
1413 861 1546 900 aliter

221 928 431 969 Christus
470 927 664 969 indubie
703 942 798 968 non
830 928 986 969 taliter
1019 930 1259 982 elegisset,
1297 930 1544 983 potissime

167 1013 204 1034 10
221 1012 326 1039 cum
376 1003 594 1051 tempore
640 998 813 1039 Christi
867 1005 914 1039 et
964 999 1173 1054 Augusti
1221 999 1406 1040 Cesaris
1458 1000 1546 1040 fuit

219 1069 376 1109 Roma
407 1069 453 1108 in
484 1068 641 1109 medio
674 1068 842 1109 florum
874 1068 946 1108 sui
969 1068 1174 1121 dominii,
1210 1075 1257 1109 et
1285 1070 1546 1123 imperator

220 1138 369 1178 minus
408 1137 580 1191 impius
620 1151 758 1191 quam
797 1143 1056 1192 sequentes
1094 1144 1312 1192 tempore
1357 1146 1544 1192 aposto-

220 1208 382 1248 lorum.

278 1277 454 1318 Iterum
490 1277 675 1318 videtur
707 1277 835 1330 quod
865 1277 991 1317 racio
1029 1277 1132 1327 ista,
1173 1290 1276 1317 cum
1315 1283 1408 1318 stat
1439 1291 1548 1318 con-

168 1346 364 1400 15tinue,
418 1352 606 1388 accusat
657 1360 806 1400 papas
850 1352 1120 1400 sequentes,
1173 1347 1253 1400 qui
1294 1348 1342 1387 in
1385 1348 1548 1389 maiori

221 1423 355 1471 parte
389 1418 594 1458 Romam
625 1430 720 1456 non
752 1423 989 1468 rexerant,
1029 1417 1115 1457 sed
1145 1416 1390 1458 incrassati
1423 1418 1547 1471 quie-

223 1492 394 1528 verunt
414 1487 673 1538 Avinione3
708 1492 756 1527 et
789 1501 893 1527 cum
924 1487 1093 1541 pocior
1123 1487 1252 1527 racio
1285 1501 1408 1529 nunc
1442 1490 1546 1529 sub-

223 1563 362 1608 esset,
401 1570 457 1597 eo
492 1557 618 1610 quod
651 1556 729 1597 ille
761 1561 892 1597 locus
924 1556 1107 1610 imperii
1147 1557 1316 1597 dicitur
1349 1571 1455 1598 esse
1490 1558 1547 1598 de

221 1640 347 1680 pape
392 1626 612 1680 dominio,
660 1631 707 1666 et
752 1625 818 1666 sic
861 1632 1074 1668 remanet
1115 1626 1365 1680 multiplex
1405 1626 1546 1678 racio,

165 1710 206 1731 20
221 1696 372 1749 primo
419 1702 467 1737 et
509 1695 836 1749 principaliter
886 1696 1085 1751 regendi
1134 1698 1259 1737 hunc
1303 1697 1546 1750 populum,

223 1780 327 1806 cum
365 1766 692 1806 crescentibus
723 1766 993 1807 racionibus
1034 1767 1262 1807 donorum
1301 1767 1446 1806 debet
1479 1780 1546 1806 se-

222 1837 425 1877 cundum
468 1837 658 1877 beatum
706 1835 988 1890 Gregorium
1033 1850 1251 1877 crescere
1294 1836 1420 1877 racio
1467 1836 1546 1876 hu-

221 1906 373 1946 milius
420 1911 465 1946 et
512 1905 751 1959 promcius
783 1905 1085 1947 ministrandi.
1138 1906 1256 1947 Nam
1289 1907 1548 1946 secundum

222 1975 500 2030 Apostolum
537 1976 687 2029 prima
718 1976 883 2030 Thym.
912 1977 970 2028 V,
1005 1980 1049 2017 8:
1092 1976 1181 2029 Qui
1217 1989 1306 2017 non
1339 1976 1550 2030 providet

166 2047 317 2086 25suis
355 2049 393 2086 et
430 2046 633 2086 maxime
664 2047 924 2087 domesticis
951 2047 1099 2098 fidem
1133 2050 1268 2099 negat
1305 2050 1344 2086 et
1381 2050 1444 2087 est
1474 2048 1547 2086 in-

221 2116 358 2167 fideli
388 2116 601 2168 deterior,
641 2129 765 2169 papa
796 2116 940 2171 igitur
970 2116 1251 2169 provideret
1283 2116 1552 2169 specialiter

222 2184 454 2225 Romanis
499 2186 558 2225 de
601 2185 740 2226 bonis
785 2185 1122 2239 spiritualibus,
1169 2199 1274 2226 cum
1310 2186 1358 2226 fit
1390 2199 1551 2226 eorum

224 2254 436 2295 dominus
476 2260 523 2294 et
561 2261 761 2295 curatus,
802 2255 1018 2296 Racione
1058 2255 1250 2296 dominii
1288 2256 1432 2295 debet
1471 2268 1551 2296 eos

223 2322 497 2363 seculariter
524 2323 784 2364 defendere
819 2330 865 2365 et
896 2324 1084 2365 racione
1117 2324 1263 2378 patris
1297 2324 1551 2377 spiritualis

168 2399 209 2431 30
225 2398 273 2433 et
303 2392 554 2446 peculiaris
589 2393 734 2433 debet
775 2406 859 2434 eos
897 2393 1044 2434 instar
1075 2393 1209 2434 Pauli
1248 2393 1553 2447 spiritualiter

224 2462 426 2515 gignere
459 2467 506 2502 et
536 2461 714 2504 fovere.

283 2530 415 2583 Item,
469 2531 508 2571 si
559 2544 703 2585 super
752 2531 841 2572 ista
890 2532 1083 2573 racione
1130 2531 1374 2585 dependet
1422 2531 1550 2572 racio

224 2605 432 2654 papatus
478 2600 686 2641 Romani
730 2601 983 2655 pontificis,
1038 2615 1140 2642 cum
1188 2601 1279 2641 ista
1322 2601 1447 2641 racio
1493 2601 1554 2642 sit

226 2671 488 2711 secundum
508 2670 745 2712 fortunam
759 2673 897 2712 valde
921 2671 1170 2722 mutabilis,
1193 2670 1407 2724 sequitur
1421 2671 1552 2723 quod

169 2744 208 2778 35
226 2746 420 2794 oportet
473 2747 692 2795 papatum
742 2741 1175 2796 proporcionaliter
1217 2739 1397 2793 variari,
1448 2754 1554 2781 nam

297 2899 324 2927 8.
345 2908 456 2935 quam;
475 2901 583 2928 codd.:
605 2902 690 2937 quia.
766 2900 811 2929 15.
834 2901 955 2930 Codd.:
973 2908 1073 2937 papa.

1751 260 1824 309 167

1602 1287 1630 1314 If
1647 1295 1692 1322 30,
1713 1287 1795 1314 what

1591 1322 1626 1349 of
1642 1322 1691 1349 the
1716 1330 1813 1357 popes

1580 1358 1650 1384 who
1670 1358 1764 1384 fatten
1786 1362 1815 1384 at

1620 1392 1777 1427 Avignon.

1562 1706 1660 1733 Their
1680 1707 1743 1734 first
1765 1708 1838 1744 duty

1604 1741 1628 1767 is
1648 1746 1678 1768 to
1703 1742 1798 1769 Rome

1604 1778 1706 1803 where
1726 1777 1797 1812 they

1656 1811 1746 1839 claim

1614 1846 1786 1875 dominion.

1591 2540 1729 2575 Capitals
1750 2548 1820 2576 may

1604 2576 1638 2602 be
1659 2576 1808 2611 changed.
