2078 3338
174 290 250 341 196
899 294 1123 326 JOHANle
1151 293 1335 325 WYCLIF
1595 281 1698 332 [CAP.
1719 288 1771 316 1x.

190 412 257 439 The
283 411 420 446 apostles
459 401 753 456 capitaneum
797 399 918 440 inter
959 398 1079 439 illos,
1117 397 1290 438 Petrus
1335 401 1488 437 autem
1526 401 1574 436 et
1611 408 1773 436 omnes

170 445 443 515 woffldaggstsseelfct
457 471 532 512 alii
575 468 779 523 apostoli
820 481 917 509 non
960 470 1352 521 presumpserunt
1400 478 1488 505 nec
1541 465 1776 506 audebant

458 540 634 594 eligere
665 551 806 579 unum
839 537 1114 591 apostolum,
1147 541 1199 576 ut
1219 540 1352 588 patet
1372 534 1480 577 Act.
1500 534 1649 588 primo
1674 547 1774 588 cap.

459 611 517 650 de
547 608 757 660 Matthia,
794 607 939 661 igitur
976 606 1119 646 multo
1149 604 1298 658 magis
1339 604 1595 645 cardinales
1625 603 1774 653 infun-

459 678 675 720 dabiliter
716 676 973 718 introducti
1017 689 1113 716 non
1154 676 1335 715 habent
1385 679 1674 728 potestatem
1718 674 1808 714 ad5

458 748 727 803 eligendum
773 751 913 800 caput
955 744 1232 786 universalis
1278 744 1480 785 ecclesie
1525 744 1654 797 quod
1699 757 1775 784 ex-

187 837 254 865 The
274 835 427 864 cardinals
460 819 654 859 cederet
697 829 860 857 omnes
905 816 1150 869 apostolos
1193 819 1355 869 preter
1397 814 1604 856 Petrum.
1653 812 1776 853 Dico

212 872 397 934 {3133013333
460 894 614 929 autem
656 887 763 927 illos
808 884 1163 927 infundabiliter
1212 884 1525 934 introductos,
1577 883 1683 937 quia
1730 882 1778 922 in

224 941 392 1013 affssffssffl}
459 963 657 1011 utroque
699 960 998 1000 testamento,
1045 954 1084 994 si
1127 967 1222 994 non
1267 953 1414 1004 fallor,
1457 952 1642 993 fundari
1683 965 1779 992 non

459 1032 618 1081 potest
640 1039 801 1066 eorum
823 1024 1063 1065 institucio
1087 1024 1188 1064 sive
1211 1036 1397 1065 nornen.
1428 1022 1569 1063 Unde
1593 1022 1778 1076 quidam
1799 1036 1837 1057 10

461 1096 573 1137 dicit
617 1095 745 1150 quod
788 1093 1033 1135 cardinalis
1079 1093 1250 1134 dicitur
1289 1106 1314 1133 a
1346 1091 1550 1144 cardine,
1596 1092 1704 1145 quia
1733 1092 1780 1132 in

458 1166 548 1207 illis
580 1170 719 1220 porte
749 1164 891 1205 inferi
919 1169 1029 1205 sunt
1059 1168 1237 1214 rotate3
1284 1167 1403 1215 sunt,
1440 1161 1602 1215 inquit,
1638 1162 1782 1202 altera

459 1236 553 1276 filia
574 1233 879 1288 sanguisuge,
910 1234 968 1273 de
993 1246 1083 1287 qua
1103 1233 1335 1275 Proverb.
1355 1230 1525 1284 XXX,
1555 1244 1625 1282 15:
1660 1230 1780 1272 San-

200 1312 289 1348 They
310 1311 350 1339 do
371 1316 424 1339 not
456 1306 651 1359 guisztge
681 1306 768 1345 due
798 1307 903 1344 sunt
926 1304 1042 1355 filie,
1082 1303 1296 1344 dicentes:
1335 1301 1479 1356 Affer,
1512 1302 1653 1355 asten·
1688 1314 1782 1342 non

181 1346 435 1417 (ξῗὶῖῗιὲιῗρὲὲῗῇἶ
464 1376 585 1416 enim
606 1379 781 1429 gerunt
801 1374 953 1415 vicem
978 1374 1314 1427 apostolorum,
1348 1385 1451 1412 cum
1482 1383 1645 1411 omnes
1674 1383 1781 1423 apo·
1803 1374 1838 1406 15

200 1416 430 1485 wlffisffiggau
462 1445 573 1487 stoli
605 1450 739 1485 erant
771 1444 996 1498 episcopi.
1026 1442 1165 1483 Multi
1198 1448 1352 1482 autem
1376 1455 1535 1483 eorum
1557 1453 1652 1480 non
1674 1445 1785 1480 sunt

461 1514 726 1569 presbiteri.
768 1513 855 1554 Isti
886 1518 1039 1553 autem
1069 1511 1291 1552 videntur
1328 1510 1577 1552 inferiores
1612 1510 1692 1550 illo
1726 1509 1784 1549 de

463 1598 557 1638 quo
589 1584 738 1624 Marci
769 1583 857 1633 IX,
891 1597 934 1635 3:
981 1582 1217 1635 Magister,
1247 1582 1449 1622 vidimus
1479 1580 1705 1633 quendam
1737 1580 1785 1620 in

462 1655 646 1695 nomine
676 1657 750 1694 tuo
781 1653 940 1693 eiicere
971 1652 1198 1700 demonia,
1230 1651 1307 1703 qui
1337 1662 1427 1691 uon
1457 1650 1660 1702 seqnitur
1689 1661 1784 1700 uos,

463 1723 571 1777 quia
612 1728 665 1763 ut
707 1727 840 1776 patet
885 1735 947 1762 ex
991 1719 1305 1775 responsione
1339 1719 1523 1771 Christi,
1561 1719 1667 1772 ipse
1698 1718 1787 1758 fuit
1802 1732 1843 1754 20

462 1806 558 1833 non
590 1792 776 1833 Christo
824 1790 1100 1843 contrarius,
1141 1790 1250 1831 ideo
1294 1789 1383 1830 fuit
1427 1802 1488 1829 ex
1533 1787 1782 1842 evangelio

463 1862 615 1903 minus
657 1860 760 1902 istis
806 1859 1119 1901 cardinalibus
1151 1859 1458 1912 improbatus.
1511 1857 1620 1899 Non
1664 1857 1785 1897 enim

463 1931 683 1972 videntur
714 1930 876 1972 venire
914 1929 961 1971 in
999 1928 1185 1970 nomine
1219 1927 1390 1969 Christi
1429 1940 1513 1968 eos
1545 1926 1786 1979 mittentis,

189 2008 277 2043 They
297 2008 375 2043 heap
396 2015 437 2042 up
467 2015 572 2042 cum
604 2006 838 2054 tamquam
872 2001 989 2041 alter
1013 1999 1180 2052 Geysy
1211 1997 1444 2040 beneficia
1467 1996 1788 2037 ecclesiastica

201 2043 430 2105 bggggfierstssgd
466 2075 763 2123 congregant
795 2075 843 2110 et
876 2070 1111 2110 cumulant
1138 2074 1185 2109 et
1208 2081 1296 2122 pro
1321 2080 1481 2108 eorum
1504 2065 1786 2107 vendicione
1804 2072 1842 2103 25

203 2112 357 2182 googzoorr
372 2113 424 2140 the
463 2152 677 2181 nummos
718 2152 805 2192 per
842 2153 895 2180 se
930 2139 1007 2179 vel
1047 2151 1160 2178 suos
1200 2142 1449 2191 acceptant
1487 2142 1535 2176 et
1565 2136 1633 2176 sic
1663 2137 1788 2176 bona

195 2218 264 2281 Τὲἓ
290 2224 433 2281 ἃεῑῗῑξέἓε
463 2222 724 2263 pauperum
756 2209 1046 2262 voluptuose
1081 2213 1129 2248 et
1160 2208 1365 2260 superbe
1398 2207 1638 2247 devorant.
1692 2204 1788 2246 Sed

255 2288 376 2316 simon.
466 2292 553 2318 nec
586 2277 764 2318 faciunt
794 2277 1016 2318 miracula
1053 2290 1143 2317 nec
1174 2276 1421 2330 predicant
1452 2289 1607 2329 neque
1640 2280 1787 2328 orant,

467 2348 534 2389 sic
568 2347 697 2401 quod
718 2347 931 2388 notando
956 2347 1264 2401 quantitatem
1287 2345 1520 2400 ypocrisis
1545 2351 1593 2386 et
1615 2344 1787 2398 operis,

204 2437 293 2473 They
313 2438 352 2465 do
374 2443 427 2466 „01
465 2431 553 2458 nec
598 2415 766 2471 Geysy
809 2430 899 2457 nec
942 2415 1124 2471 Symon
1168 2416 1339 2469 dignus
1385 2421 1458 2455 est
1496 2415 1587 2455 dici
1626 2428 1787 2455 eorum
1805 2421 1844 2454 30

179 2473 677 2535 evenls‘a'dcssf'gfftheminister
704 2486 709 2542 1
736 2487 783 2527 in
816 2486 1017 2527 servicio
1050 2485 1343 2534 Antichristi,
1377 2485 1505 2538 quod
1528 2484 1568 2525 si
1600 2489 1673 2525 est
1702 2484 1785 2525 ita:
1825 2493 1906 2521 210a

262 2550 384 2571 ⁶³⁶⁰¹¹5'
466 2570 527 2596 ve
558 2556 662 2609 illis,
700 2569 758 2598 ve
792 2569 948 2596 eorum
985 2555 1227 2597 autoribus
1262 2560 1310 2596 et
1339 2568 1399 2595 ve
1439 2554 1667 2606 omnibus,
1707 2554 1787 2607 qui

467 2625 663 2667 facinori
707 2640 868 2667 eorum
902 2624 1224 2666 consenciunt.
1276 2624 1376 2665 Nec
1411 2624 1637 2678 supplent
1666 2624 1784 2664 tales

468 2696 621 2737 vicem
655 2697 990 2750 dyaconorum,
1027 2708 1147 2748 quos
1181 2694 1529 2735 constituerunt
1568 2692 1783 2746 apostoli,

541 2885 578 2904 11.
609 2876 725 2905 Codd.:
756 2876 872 2917 dicunt.
974 2876 1016 2904 13.
1045 2876 1098 2903 AB
1127 2876 1158 2903 in
1189 2883 1302 2910 marg:
1331 2874 1518 2903 Cardinales
1546 2875 1622 2910 quid
1638 2875 1782 2910 faciunt.

471 2923 519 2950 25.
542 2922 658 2950 Codd.:
682 2924 880 2950 commutant.
