2078 3338
288 279 371 316 330

333 527 401 555 The
421 527 528 563 highcr

299 563 350 590 the
371 562 480 597 degree
501 564 550 589 the

334 602 452 635 great-er
472 597 522 624 the

400 640 458 659 sm.

339 795 368 821 A
387 793 504 821 wickcd

326 837 406 863 pope
426 829 451 855 is
471 829 521 855 the

357 868 454 890 worst
473 864 508 891 of

333 898 519 934 hypocrites.

1015 277 1238 310 JOHANNIS
1264 278 1450 311 WYCLIF
1693 267 1798 324 [CAP.
1823 277 1890 305 XII.

576 383 787 433 gravedo
833 382 1019 435 peccati
1052 388 1124 424 est
1165 383 1268 436 ipsa
1300 388 1464 423 contra
1494 383 1753 435 veritatem,
1801 398 1891 437 que

577 457 650 491 est
683 451 908 494 Christus.

636 520 776 573 Quod
821 523 1123 563 confirmatur
1166 521 1425 575 tripliciter,
1476 522 1628 575 primo
1672 536 1759 576 per
1807 525 1893 564 hoc

578 591 707 642 quod
731 597 906 644 quanto
940 592 1114 645 gradus
1148 597 1222 632 est
1252 591 1411 643 alcior,
1444 591 1552 632 ideo
1586 605 1697 633 casu
1719 606 1892 647 suppo-

578 658 669 699 sito
715 661 974 702 secundum
1025 662 1183 716 legem
1235 662 1387 702 datam
1440 661 1495 702 de
1547 661 1766 703 Lucifero
1820 668 1925 703 est5

577 729 779 783 gravior.

638 797 873 854 Similiter,
912 801 1062 841 omnis
1100 800 1204 841 talis
1241 814 1366 854 papa
1405 807 1478 842 est
1508 801 1893 842 mendacissimus

580 878 627 913 et
639 871 896 912 blasfemus
919 870 1150 924 ypocrita,
1184 872 1312 924 quod
1335 870 1484 923 prima
1506 870 1693 911 Veritas
1716 884 1892 911 summe

579 942 696 992 odit3
730 953 855 994 papa
884 940 1030 993 igitur
1059 939 1164 981 talis
1198 953 1259 980 ex
1281 940 1540 995 gravedine
1570 940 1893 994 obligacioni5‚

578 1025 639 1051 ex
672 1009 974 1064 superaddita
1015 1009 1261 1050 blasfemia
1292 1009 1503 1063 ypocrisi
1541 1015 1589 1051 et
1628 1023 1688 1050 ex
1723 1010 1894 1051 ducatu
1914 1027 1951 1048 10

575 1079 865 1120 innumerosi
897 1079 1078 1133 populi,
1124 1092 1263 1132 quem
1295 1078 1424 1120 ducit
1445 1079 1706 1132 proditorie
1731 1085 1895 1120 contra

578 1149 825 1199 Christum,
864 1148 1053 1189 videtur
1093 1161 1200 1188 esse
1239 1148 1431 1202 gravius
1465 1149 1893 1202 condempnandus.

634 1218 871 1271 Similiter,
921 1218 1220 1272 Augustinus
1272 1232 1371 1271 cap.
1417 1218 1492 1258 IX
1542 1220 1617 1259 De
1659 1218 1892 1259 Gradibus

574 1288 891 1330 Abusionum:
949 1287 1084 1339 Sciat,
1141 1287 1306 1341 inquit,
1364 1301 1442 1328 ifex
1489 1289 1604 1331 sicut
1655 1289 1702 1329 in
1752 1297 1892 1340 reguo

573 1359 810 1399 hominum
852 1359 1040 1410 primus
1086 1358 1349 1398 constitutas
1380 1361 1455 1410 est,
1498 1359 1563 1398 sic
1603 1361 1641 1398 et
1671 1359 1720 1398 in
1744 1359 1891 1411 penis,
1912 1364 1948 1397 15

573 1430 615 1469 si
646 1429 876 1469 iusticiam
915 1440 1004 1468 non
1030 1427 1210 1481 fecerit,
1245 1428 1508 1480 primatum
1546 1428 1785 1468 habiturus
1816 1431 1889 1468 est.

580 1496 747 1539 Omnes
800 1510 995 1551 namque
1050 1507 1349 1550 quoscumque
1399 1501 1660 1550 peccatores
1715 1498 1797 1537 sab
1846 1510 1893 1538 36

573 1568 778 1608 habuerit
808 1568 856 1607 in
880 1568 1096 1620 presenti,
1127 1580 1273 1620 supra
1303 1579 1350 1607 36
1371 1568 1506 1607 modo
1528 1567 1813 1619 implacabili
1845 1567 1891 1606 in

572 1650 691 1690 pena
693 1637 866 1689 futura
878 1638 1061 1678 habebit.
1084 1637 1145 1677 Et
1158 1637 1282 1677 idem
1300 1642 1373 1678 est
1391 1636 1666 1677 evidencius
1683 1637 1741 1676 de
1756 1649 1891 1690 papa,

574 1712 626 1747 ut
641 1707 785 1747 docet
801 1706 1136 1760 Crysostomus
1153 1705 1333 1747 Omelia
1346 1705 1408 1746 LI
1424 1705 1597 1759 Operis
1619 1705 1893 1759 Imperfecti
1910 1721 1951 1742 20

577 1782 623 1817 et
643 1781 779 1829 patet
794 1775 1105 1816 distinccione
1119 1776 1228 1816 XL:
1252 1775 1455 1829 Sipapa.
1477 1775 1709 1828 Quomodo
1740 1788 1891 1816 sacer-

574 1848 665 1897 dos,
705 1845 868 1899 inquit,
899 1858 1038 1899 super
1065 1859 1245 1887 omnem
1272 1846 1494 1899 populum
1520 1845 1822 1898 glorificatur,
1853 1846 1894 1885 si

575 1917 678 1956 bene
695 1913 698 1970 1
704 1915 881 1967 fecerit,
905 1928 994 1956 uon
1016 1917 1164 1956 solnm
1181 1919 1373 1968 propter
1393 1928 1527 1956 suam
1556 1915 1788 1955 iusticiam
1815 1916 1894 1955 sed
1933 1920 2014 1960 243⁰

567 1988 760 2038 propter
791 1986 1013 2037 omnium,
1045 1986 1154 2037 qaia
1185 1986 1281 2037 ipse
1312 1997 1455 2025 caiisa
1487 1988 1550 2025 est
1579 1984 1755 2025 iusticie
1785 1985 1890 2025 imi-

573 2067 824 2107 versomtm,
856 2055 923 2095 ita
956 2058 994 2095 et
1017 2067 1214 2107 peccans
1244 2067 1382 2107 saper
1409 2067 1564 2095 omnes
1581 2055 1774 2107 panitur
1804 2066 1892 2095 uon
1909 2059 1947 2091 25

573 2125 722 2165 solum
761 2128 953 2177 propter
994 2137 1081 2165 sua
1107 2128 1308 2177 peccata,
1345 2126 1424 2165 sed
1449 2127 1641 2177 propter
1672 2125 1892 2174 ommium,

574 2195 681 2246 qnia
713 2195 808 2246 ipse
839 2206 982 2234 causa
1001 2194 1063 2245 fit
1095 2195 1304 2235 omnibns
1335 2195 1397 2234 ad
1421 2195 1721 2246 pecca-ndum.
1752 2192 1892 2233 Unde

576 2263 749 2303 efficax
793 2269 866 2304 est
908 2264 1229 2304 testimonium
1263 2263 1558 2317 Crysostomi
1602 2263 1683 2303 ubi
1729 2276 1889 2316 supra:

581 2333 679 2385 Qui,
724 2333 889 2386 inquit,
921 2334 1111 2386 fingant
1140 2346 1187 2374 36
1225 2346 1317 2374 6336
1348 2334 1632 2382 christianos,
1670 2345 1771 2373 cam
1804 2334 1894 2373 siut

574 2402 854 2455 Antichristi,
920 2404 1131 2444 videntur
1182 2416 1275 2444 esse
1325 2404 1372 2443 in
1432 2403 1616 2443 ecclesia
1666 2405 1705 2443 et
1751 2406 1893 2455 agimt
1909 2407 1950 2439 30

575 2473 813 2525 ypocritice
857 2476 1015 2513 contra
1065 2474 1301 2523 ecclesiam,
1344 2486 1455 2526 ymo
1496 2470 1679 2512 Omelia
1728 2470 1893 2512 XLIV

649 2698 691 2724 14-
731 2689 831 2717 Codd.
871 2690 901 2717 in
940 2698 1055 2725 marg:
1094 2690 1185 2717 Statu
1228 2690 1358 2726 dignior
1397 2698 1528 2725 peccans
1572 2693 1615 2717 est
1652 2690 1891 2725 dampnabilior.

578 2736 621 2764 18.
645 2736 762 2764 Codd.:
783 2737 875 2764 modo
892 2737 1056 2772 plagabili.
1132 2745 1179 2772 27.
1203 2737 1411 2772 Codd.:fuit.

651 2832 700 2864 13.
729 2831 821 2872 Opp.
847 2837 929 2865 tom.
949 2832 1005 2873 Vl,
1032 2832 1215 2873 Appendix
1242 2842 1318 2874 pag.
1348 2832 1423 2864 215.
1522 2841 1573 2861 20.
1602 2832 1693 2873 Opp.
1725 2837 1807 2863 tom.
1833 2831 1891 2874 Vl,

575 2899 652 2931 pag.
680 2888 874 2931 925—928.
974 2899 1025 2920 21.
1055 2890 1137 2931 Cap.
1157 2890 1213 2922 Vl.
1312 2898 1364 2929 29.
1393 2889 1460 2931 Op.
1488 2890 1573 2930 Imp.
1600 2898 1678 2930 pag.
1705 2887 1783 2931 928.
