2078 3338
287 278 366 316 342

314 859 447 887 Christ⁷s
467 860 527 886 law

339 895 451 921 should
474 894 510 921 be

302 929 449 956 followed
468 937 543 956 even

362 972 394 990 as
414 968 445 990 to
465 963 504 990 its

345 998 500 1026 counsels.

1017 272 1242 305 JOHANle
1268 271 1453 303 WYCLIF
1692 255 1798 313 [CAP.
1825 267 1889 295 ΧΠ,

579 379 725 418 debet
745 377 974 418 infinitum
995 376 1101 430 plus
1118 389 1268 416 amare
1283 375 1484 415 virtutes
1501 387 1638 427 quam
1650 375 1891 425 honorem,

576 447 871 500 voluptatem
893 446 971 485 vel
995 445 1291 485 commodum
1313 443 1587 496 temporale,
1610 443 1732 483 sicut
1749 444 1893 484 debet

577 515 807 557 infinitum
857 516 964 568 plus
1031 514 1161 555 odire
1212 518 1461 567 peccatum
1513 512 1659 552 eciam
1710 512 1892 553 veniale

577 599 715 638 quam
746 598 917 638 penam
949 584 1149 637 aliquam
1182 582 1486 636 corporalem,
1532 587 1579 622 et
1613 581 1738 621 idem
1769 582 1890 634 prin-

578 654 751 707 cipium
786 653 898 694 fidei
934 667 1020 707 per
1050 654 1142 693 hoc
1174 653 1314 706 quod,
1354 657 1406 692 ut
1438 650 1613 704 aliquid
1651 656 1724 691 est
1754 650 1924 704 peius5

575 724 652 763 vel
666 722 845 773 melius,
869 727 941 763 est
954 722 1109 776 ipsum
1123 722 1400 775 fugiendum
1416 719 1893 774 proporcionabiliter

575 792 653 832 vel
686 792 940 833 amandum.

633 861 709 901 Ex
753 861 924 914 quibus
969 860 1184 914 sequitur
1231 860 1360 912 quod
1401 860 1482 899 lex
1527 858 1699 899 Christi
1748 858 1891 898 eciam

576 930 833 971 secundum
867 929 1059 970 consilia
1091 929 1152 974 sit
1182 929 1463 983 generaliter
1492 928 1723 969 servanda
1746 933 1793 968 et
1813 928 1894 968 lex

574 1000 813 1041 hominum
862 1000 1210 1053 postponenda.
1260 998 1445 1039 Exhinc
1498 998 1619 1038 enim
1667 998 1893 1038 accrescit
1914 1019 1951 1040 ιο

574 1071 751 1110 bonum
795 1068 944 1109 anime
988 1068 1218 1108 infinitum
1249 1067 1512 1122 preciosius
1544 1081 1680 1121 quam
1715 1068 1893 1108 lucrum

576 1138 764 1192 aliquod
795 1138 1070 1191 temporale.
1104 1138 1166 1178 Et
1196 1139 1284 1178 hec
1313 1140 1317 1191 Ι
1344 1137 1470 1178 racio
1502 1142 1720 1178 moveret
1749 1137 1894 1177 eciam
1934 1145 2014 1189 246¹³

573 1208 823 1259 infidelem,
868 1221 972 1248 nam
1017 1207 1195 1259 melius,
1239 1207 1421 1248 facilius
1461 1212 1509 1248 et
1544 1207 1738 1248 brevius
1769 1206 1895 1247 foret

576 1279 832 1319 observare
858 1277 1031 1318 Christi
1054 1277 1249 1318 consilia
1275 1283 1323 1317 et
1352 1282 1593 1330 precepta,
1625 1276 1769 1330 igitur
1799 1290 1894 1317 non

577 1349 806 1388 debemus
851 1347 986 1387 inniti
1030 1347 1125 1388 suis
1160 1347 1403 1388 contrariis
1434 1346 1729 1400 prestancius
1763 1346 1890 1387 omit-
1914 1358 1950 1390 15

573 1418 732 1459 tendo.
793 1417 1054 1457 Peccamus
1097 1416 1237 1466 igitur
1279 1416 1502 1469 graviter,
1548 1418 1656 1457 dum
1699 1415 1893 1456 facimus

576 1487 715 1527 nobis
752 1486 1084 1539 inexpediens,
1138 1491 1186 1526 et
1227 1486 1455 1526 honorem
1487 1485 1580 1526 Dei
1618 1485 1893 1536 diminuens,

575 1556 823 1597 utilitatem
855 1555 1058 1596 ecclesie
1092 1556 1419 1596 subtrahendo.

631 1626 693 1666 Et
726 1626 783 1666 de
815 1625 905 1666 ista
936 1624 1266 1666 subtraccione
1292 1638 1316 1665 a
1335 1625 1552 1665 libertate
1581 1625 1700 1680 legis
1724 1625 1894 1666 Christi

574 1701 687 1749 post
717 1694 1108 1748 multiplicitatem
1138 1695 1300 1748 legum
1331 1694 1612 1735 Antichristi
1645 1694 1895 1748 conquesti
1911 1715 1952 1736 20

575 1770 686 1805 sunt
703 1764 869 1815 sancti;
894 1765 1022 1819 quod
1052 1770 1186 1818 patet
1206 1764 1254 1804 in
1278 1766 1500 1818 exemplo
1524 1764 1709 1818 triplici,
1741 1764 1892 1818 primo

576 1848 639 1875 ex
691 1836 885 1875 decreto
943 1834 1072 1876 beati
1128 1834 1387 1888 Augustini
1445 1835 1503 1874 ad
1558 1834 1894 1888 inquisiciones

574 1904 780 1956 Januarii
812 1904 1028 1957 superius
1065 1904 1264 1945 recitato
1299 1910 1347 1945 et
1376 1903 1570 1958 ponitur
1604 1904 1652 1944 in
1691 1903 1894 1944 decretis

574 1973 675 2014 XII
707 1973 1034 2014 distinccione:
1073 1973 1268 2024 Omnia7·
1299 1974 1509 2014 secundo
1534 1987 1595 2013 ex
1617 1973 1744 2014 dicto
1767 1973 1895 2014 beati

575 2043 821 2097 Jeronymi
865 2043 1070 2097 epistola
1115 2043 1325 2085 CXVIII
1369 2044 1427 2084 ad
1464 2042 1790 2084 Domicianum
1835 2044 1893 2083 de
1911 2052 1950 2084 25

575 2119 725 2153 morte
764 2113 977 2164 Fabiole,
1022 2113 1103 2154 ubi
1147 2126 1395 2167 exponens
1437 2113 1552 2153 illud
1597 2113 1895 2167 evangelium

576 2182 738 2224 Matth.
760 2182 902 2233 XIX,
918 2198 957 2235 9,
981 2182 1062 2223 ubi
1085 2183 1300 2223 dominus
1323 2182 1543 2237 precepit
1564 2183 1677 2223 viris
1701 2196 1896 2223 uxorem

576 2265 671 2291 non
687 2252 864 2292 debere
889 2252 1136 2303 dimittere,
1162 2257 1367 2306 excepta
1389 2265 1529 2293 causa
1549 2252 1894 2304 fornicacionis,

578 2327 626 2361 et
659 2321 895 2361 dimissam
927 2335 1114 2362 manere
1136 2322 1380 2375 innuptam
1403 2321 1470 2363 sic
1491 2322 1719 2375 loquitur:
1758 2323 1892 2376 Quic-

576 2392 685 2443 quid
727 2391 843 2431 viris
884 2392 1073 2443 iubetur,
1116 2393 1195 2432 hoc
1225 2394 1540 2444 consequenter
1569 2394 1797 2433 redundat
1833 2394 1897 2434 ad
1912 2401 1953 2433 30

591 2460 801 2514 feminas,
833 2474 971 2514 neque
1002 2463 1122 2503 enim
1154 2462 1366 2503 adultera
1396 2474 1510 2503 uxor
1530 2463 1803 2505 dimittenda
1834 2467 1896 2505 est

651 2663 673 2682 1.
696 2653 795 2682 Codd.
823 2654 854 2682 in
881 2663 997 2691 marg:
1024 2653 1137 2683 Amare
1162 2656 1250 2683 debet
1275 2656 1463 2684 christianus
1487 2657 1630 2684 virtutem
1652 2657 1724 2692 plns
1743 2656 1895 2692 infinitum

577 2709 668 2730 auam
687 2702 876 2736 voluptatem
895 2704 951 2729 etc.
1024 2701 1052 2730 3.
1082 2702 1183 2730 Codd.
1203 2702 1233 2730 in
1256 2710 1369 2738 marg:
1394 2703 1494 2731 Odire
1517 2704 1607 2730 debet
1629 2704 1719 2731 homo
1738 2704 1810 2739 plus
1827 2712 1895 2739 pec-

578 2749 679 2775 catum
699 2747 796 2774 eciam
815 2747 937 2775 veniale
955 2756 1046 2783 quam
1060 2756 1184 2783 penam.

649 2840 702 2870 24.
745 2831 829 2872 Cap.
870 2830 941 2863 XII.
1046 2841 1097 2874 29.
1129 2831 1194 2874 Ep.
1234 2832 1399 2866 LXXVlI.
1438 2833 1506 2865 Sed
1540 2839 1591 2865 est
1622 2833 1664 2864 ad
1699 2833 1893 2867 Oceanum.

579 2888 670 2929 Opp.
699 2888 740 2919 ad
768 2888 883 2930 Migne
909 2889 980 2922 Ser.
1009 2888 1082 2922 Lat.
1109 2889 1212 2932 XXII,
1239 2888 1318 2933 691.
