2078 3338
200 251 280 288 288

201 847 269 875 The
290 847 455 876 Chasuble.

201 2246 268 2274 The
289 2246 452 2275 Dalmatio.

922 257 1146 290 JOHANle
1172 257 1358 290 WYCLIF
1620 244 1726 301 [CAP.
1748 256 1799 284 Χῖ.

486 375 610 402 arma
639 360 825 403 iusticie
857 375 883 402 a
915 361 1096 402 dextris
1136 367 1184 402 et
1213 376 1240 402 a
1271 361 1481 415 sinistris,
1512 367 1564 402 ut
1592 362 1802 415 loquitur

486 431 699 472 Christus
743 431 871 472 Luce
915 431 986 471 IV
1031 437 1078 472 et
1118 431 1383 486 Apostolus
1414 431 1462 472 II
1501 431 1605 474 Cor.
1636 430 1707 471 VI
1754 436 1803 472 et

486 503 634 543 debet
664 501 786 543 stola
814 501 952 542 huius
992 501 1358 555 perseverancie
1404 515 1496 555 que
1529 502 1630 542 sola
1670 514 1802 541 coro-

484 571 671 612 nabitur
690 584 842 625 usque
863 572 923 611 ad
943 572 1095 625 pedes
1117 570 1428 612 affeccionum
1450 584 1502 612 se
1526 571 1801 612 extendere.

486 640 732 682 Connexio
746 654 863 681 vero
887 654 991 681 cum
1013 654 1129 681 zona
1151 640 1308 696 signat
1325 640 1802 681 concathenacionem
1819 644 1835 676 5

483 716 719 764 perpetue
753 710 982 752 castitatis
1017 724 1121 751 cum
1161 710 1331 752 ceteris
1363 710 1618 752 virtutibus
1651 723 1801 752 sacer-

485 780 622 822 dotis.

543 850 641 893 Sed
692 855 834 891 sexto
884 850 1038 891 induit
1089 851 1292 891 casulam
1334 851 1412 891 vel
1462 851 1701 904 planetam
1744 851 1803 891 ad

486 921 806 961 denotandum
851 921 979 974 quod
1012 920 1317 962 eminenciori
1359 920 1435 961 via
1465 920 1644 961 incedit
1673 934 1804 974 pres-

483 990 608 1031 biter
630 990 925 1041 christianus,
951 991 1060 1031 dum
1073 991 1218 1031 habet
1234 990 1473 1031 caritatem
1496 990 1555 1030 ad
1577 990 1802 1043 singulos.
1822 1004 1860 1025 10

484 1059 625 1100 Unde
670 1061 731 1101 ad
763 1061 1081 1102 denotandum
1112 1060 1468 1114 perfeccionem
1497 1059 1801 1101 rotunditatis

485 1135 533 1170 et
565 1130 928 1171 evacuacionem
951 1130 1156 1172 sordium
1177 1131 1456 1186 angulorum
1479 1129 1683 1171 declinat
1712 1131 1803 1171 hec

486 1200 642 1240 casula
693 1213 719 1241 a
770 1201 1052 1254 quadratura
1102 1200 1499 1254 superhumeralis
1550 1200 1597 1240 in
1649 1200 1804 1241 veteri

484 1275 768 1311 testamento
794 1271 850 1311 ad
880 1269 1216 1311 rotunditatem
1240 1275 1288 1311 et
1310 1269 1668 1323 simplicitatem.
1693 1269 1803 1310 Non

485 1338 606 1379 enim
654 1345 727 1380 est
768 1340 849 1380 lex
882 1339 1055 1381 Christi
1096 1345 1190 1380 tam
1235 1353 1403 1394 aspera
1431 1338 1480 1379 in
1528 1339 1713 1392 angulis
1751 1345 1859 1380 ut15

483 1408 564 1449 lex
606 1416 757 1460 vetus,
802 1423 907 1450 cum
950 1423 1040 1450 nec
1075 1410 1281 1463 apostoli
1322 1423 1411 1450 nec
1442 1414 1603 1463 patres
1643 1422 1802 1450 eorum

482 1477 633 1532 ipsam
646 1484 838 1533 portare
852 1484 1088 1533 poterant,
1112 1484 1164 1520 ut
1179 1479 1291 1520 dicit
1313 1479 1485 1520 Petrus
1508 1479 1608 1521 Act.
1621 1478 1732 1530 XV,
1754 1492 1801 1519 10

484 1548 569 1588 sed
614 1549 894 1602 quibusdam
945 1549 1131 1590 circulis
1178 1555 1226 1590 et
1271 1549 1502 1591 catenulis
1545 1549 1734 1590 fuerant
1778 1562 1802 1589 a

482 1618 708 1660 lateribus
741 1619 975 1674 colligata.
1006 1619 1108 1661 Nos
1140 1626 1297 1661 autem
1329 1621 1418 1661 sub
1449 1619 1531 1661 tali
1554 1619 1800 1660 concathe-

483 1688 683 1729 nacione
713 1703 805 1743 por
831 1689 836 1745 Ι
864 1695 1015 1731 tamus
1049 1704 1243 1731 suavem
1276 1696 1323 1731 et
1352 1691 1507 1731 levem
1541 1690 1745 1731 casulam
1777 1702 1802 1729 a
1841 1694 1923 1727 233⁸

484 1758 666 1800 dextris
699 1764 748 1800 et
779 1760 987 1803 sinistris.
1021 1759 1200 1802 Caritas
1233 1759 1356 1801 enim
1380 1765 1606 1814 operatur
1635 1759 1802 1813 magis,

483 1827 522 1868 si
549 1835 639 1881 est;
662 1835 709 1870 et
729 1830 841 1871 licet
863 1836 1019 1871 careat
1039 1830 1335 1872 multitudine
1356 1830 1613 1884 figurarum
1637 1843 1800 1883 super-

481 1899 730 1940 humeralis
773 1900 951 1941 veteris
1002 1900 1273 1941 testamenti
1323 1905 1525 1954 propter
1575 1899 1801 1941 unitatem

483 1968 743 2023 simplicem
795 1969 963 2024 capitis
1013 1971 1165 2012 nostri
1210 1969 1393 2022 Christi,
1447 1970 1593 2011 debet
1643 1975 1801 2011 tamen

483 2039 707 2080 sacerdos
761 2052 867 2080 esse
918 2040 1108 2093 planeta
1149 2040 1196 2081 in
1251 2040 1446 2095 populo,
1508 2045 1559 2080 ut
1608 2039 1802 2080 videant
1817 2043 1857 2076 25

483 2122 630 2162 opera
652 2109 753 2151 eius
774 2111 909 2153 bona.
933 2109 1011 2152 Sic
1028 2110 1150 2151 enim
1174 2110 1317 2151 docet
1333 2109 1547 2152 Christus
1561 2109 1725 2152 Matth.
1739 2108 1798 2163 V,

483 2180 610 2232 quod
641 2180 789 2221 luceat
819 2182 897 2221 lux
925 2184 1077 2222 vestra
1108 2193 1268 2221 coram
1298 2181 1568 2221 hominibus.

538 2249 600 2289 Et
644 2255 718 2290 est
750 2249 872 2291 aliud
905 2255 1229 2291 ornamentum
1259 2250 1308 2291 in
1338 2263 1465 2292 novo
1497 2254 1798 2302 testamento,

482 2325 761 2372 competens
794 2319 990 2360 diacono
1022 2320 1098 2361 vel
1127 2319 1289 2372 levite,
1322 2319 1450 2373 quod
1471 2324 1671 2360 vocatur
1704 2319 1798 2358 dal-

479 2388 660 2442 matica,
695 2389 826 2430 cuius
858 2403 1029 2430 nomen
1053 2395 1127 2431 est
1158 2394 1397 2444 sumptum
1429 2403 1455 2430 a
1475 2388 1685 2443 regione,
1718 2387 1799 2428 ubi
1815 2393 1856 2426 30

479 2457 631 2511 primo
666 2459 873 2500 creditur
916 2459 1193 2502 institutum.
1242 2459 1413 2500 Forma
1443 2472 1558 2500 vero
1593 2457 1798 2499 creditur

482 2534 619 2583 capta
655 2543 682 2569 a
726 2528 955 2580 collobiis,
1009 2529 1179 2583 quibus
1231 2529 1304 2570 usi
1346 2529 1537 2569 fuerunt
1581 2527 1797 2582 apostoli.

482 2598 681 2652 Quidam
725 2599 847 2640 enim
892 2600 1215 2654 apostolorum
1259 2612 1564 2640 successores
1603 2596 1797 2638 adiectis

550 2759 579 2789 3.
609 2760 728 2789 Codd.:
756 2760 875 2789 debent.
956 2759 982 2789 8.
1014 2760 1114 2788 Codd.
1144 2761 1176 2788 in
1206 2768 1322 2795 marg:
1356 2759 1478 2787 Casula.
1557 2758 1603 2787 28.
1635 2758 1735 2787 Codd.
1764 2758 1795 2785 in

481 2814 596 2842 marg.:
620 2807 804 2834 Dalmatica.

550 2900 606 2933 27.
629 2890 710 2924 Joh.
738 2892 760 2933 Ι,
789 2893 818 2924 5.
