2078 3338
171 279 260 307 cm).
282 269 350 325 XL]
566 282 625 312 DE
654 281 936 312 POTESTATE
962 281 1090 314 PAPE.
1698 284 1775 321 297

168 391 322 426 sectas
357 390 404 426 et
436 384 773 425 distincciones
805 385 966 437 legum
999 384 1214 433 ecclesie,
1255 399 1343 438 per
1374 398 1489 439 quas

171 455 441 496 diminuitur
462 454 714 495 meditacio
737 454 861 507 legis
884 454 988 507 Dei⁷
1023 468 1125 494 cum
1158 454 1324 495 melius
1362 461 1491 496 esset

169 525 297 578 quod
339 538 455 578 pure
500 525 836 564 observaretur
880 524 975 565 vita
1014 523 1287 577 apostolica,
1333 530 1380 564 et
1423 524 1489 565 di-

168 594 309 636 missa
356 593 658 635 difformitate
703 594 978 634 tenderetur
1023 594 1080 634 ad
1126 594 1490 635 uniformitatem

135 670 316 706 5status
349 664 639 718 innocencie,
672 664 784 704 licet
815 663 1069 716 graduacio
1092 663 1140 704 in
1179 664 1380 705 seculari
1412 665 1489 704 do-

166 734 308 774 minio
343 733 403 773 sit
434 732 559 773 licita
591 747 644 773 ac
687 732 954 773 necessaria
990 738 1193 786 peccato
1227 733 1490 786 supposito.

166 803 306 843 Unde
350 802 490 842 nichil
534 802 770 843 infidelius
804 816 939 855 quam
975 816 1036 842 ex
1069 802 1385 855 graduacione
1419 816 1488 843 se·
1609 825 1676 853 The

50 880 128 915 235b
168 872 335 912 cularis
365 871 369 926 Ι
400 871 593 912 dominii
625 872 911 912 concludere
944 872 1311 926 graduacionem
1351 872 1490 912 domi·
1517 865 1761 923 Οὲῗζξῐὲῐέξᾷᾏῖ]

165 941 376 981 nacionis
431 947 478 981 et
519 941 713 982 honoris
759 941 983 981 secularis
1027 941 1074 981 in
1115 941 1311 982 clericis.
1375 941 1490 982 Cum
1518 929 1763 992 5¹ssffg<¹121123t0bn⁰

111 1030 151 1052 10
168 1011 290 1051 enim
323 1016 475 1051 status
509 1011 585 1051 ille
618 1010 677 1052 sit
709 1011 861 1063 alcior,
902 1011 1042 1052 statui
1075 1011 1248 1051 Christi
1282 1017 1330 1052 et
1361 1024 1488 1052 sanc·
1548 1000 1732 1063 ¹¹¹⁴}tfftfefhe

166 1086 321 1121 torum
345 1080 645 1130 conformior,
662 1085 859 1134 oportet
875 1081 1001 1133 quod
1016 1081 1181 1120 tendat
1196 1080 1254 1120 ad
1267 1081 1489 1121 maiorem

167 1150 407 1200 unitatem,
440 1151 663 1203 regularis
697 1155 868 1190 statum
890 1150 1118 1203 laycalem
1164 1157 1212 1191 et
1242 1164 1336 1191 non
1370 1151 1430 1192 sit
1463 1165 1490 1191 a

166 1225 290 1260 statu
313 1226 405 1260 tam
429 1218 630 1260 difformi
654 1233 795 1273 quem
818 1222 1004 1274 regulat
1026 1221 1336 1273 exemplatus.
1373 1220 1488 1261 Con-

167 1289 349 1330 ceditur
392 1294 545 1330 tamen
591 1290 720 1343 quod
764 1295 873 1329 sunt
916 1290 1090 1343 gradus
1135 1289 1182 1329 in
1232 1289 1312 1330 illo
1366 1295 1489 1330 statu

114 1358 449 1412 15apostoli003
493 1359 579 1398 sed
627 1358 859 1399 contrarie
904 1359 960 1399 ad
1004 1364 1177 1399 statum
1210 1360 1491 1411 secularem3

166 1442 272 1468 nam
314 1428 391 1468 hic
436 1428 582 1468 maior
626 1433 700 1468 est
729 1428 996 1481 pauperior,
1046 1427 1317 1469 servitivior
1349 1434 1398 1469 et
1430 1429 1491 1469 ad

168 1498 447 1538 currendum
479 1511 564 1551 per
585 1498 1024 1552 peregrinacionem
1058 1511 1161 1538 cum
1184 1498 1490 1552 paucioribus

165 1568 504 1621 temporalibus
527 1567 854 1608 sufficiencior.
887 1567 1027 1608 Unde
1050 1581 1214 1608 omnes
1236 1568 1490 1621 presbiteri

168 1639 346 1678 debent
362 1651 467 1678 esse
492 1637 623 1689 socii,
652 1643 703 1677 ut
720 1638 863 1678 docet
882 1637 1147 1691 Apostolus
1171 1651 1274 1678 cum
1298 1638 1490 1678 decreto

109 1727 150 1748 πο
169 1709 227 1747 de
260 1707 365 1760 ipso
400 1713 447 1747 et
479 1707 641 1760 Petro,
675 1712 999 1747 verumtamen
1032 1720 1199 1747 servus
1234 1721 1295 1747 ex
1326 1708 1489 1748 maiori

165 1777 427 1817 humilitate
473 1777 526 1817 fit
570 1776 723 1818 alcior.
768 1776 908 1817 Unde
955 1778 1024 1828 (ut
1068 1790 1186 1830 sepe
1231 1775 1347 1832 dixi)
1380 1791 1489 1831 pars

165 1847 360 1900 laycalis
406 1845 631 1886 dividitur
672 1846 719 1886 in
751 1847 1028 1899 popularem
1063 1851 1111 1886 et
1142 1852 1323 1899 partem
1355 1860 1488 1888 secu-

166 1916 309 1956 larem
341 1915 406 1955 illi
444 1915 739 1969 prepositam
785 1929 978 1968 quarum
1021 1916 1149 1969 prior
1181 1921 1254 1956 est
1285 1917 1412 1957 bona
1444 1923 1491 1958 et

168 1986 377 2025 secunda
399 1984 574 2026 melior.
609 1984 705 2026 Sed
727 1998 837 2038 pars
873 1985 1100 2025 clericalis
1123 1991 1319 2039 propter
1342 1987 1489 2027 socia-

111 2056 254 2095 2sslem
301 2054 666 2094 uniformitatem
710 2060 922 2094 remanet
966 2054 1168 2095 indivisa
1211 2061 1259 2096 et
1302 2056 1490 2109 optima,

168 2138 306 2178 quam
351 2124 500 2179 elegit
531 2123 695 2175 Maria3
740 2124 865 2164 unde
895 2124 1163 2178 periculose
1202 2125 1490 2179 balbuciunt,

168 2194 248 2247 qui
279 2193 441 2234 dicunt
471 2194 598 2246 quod
619 2207 761 2248 reges
785 2207 880 2233 non
905 2200 1014 2234 sunt
1036 2194 1211 2235 domini
1224 2208 1489 2250 regnorum,

168 2264 253 2303 sed
267 2264 380 2303 nudi
403 2263 693 2314 defensores,
717 2264 795 2303 vel
808 2263 946 2304 aliter
968 2264 1035 2316 (ut
1049 2264 1282 2319 inquiunt)
1298 2272 1490 2319 oportet

168 2334 278 2372 dare
309 2332 356 2372 in
389 2332 570 2372 clericis
604 2333 778 2385 gradus
811 2333 916 2372 talis
950 2333 1151 2375 dominii.

112 2407 153 2439 30
226 2401 508 2443 Scrutentur
549 2401 627 2442 isti
671 2402 926 2455 scripturas
974 2408 1022 2442 et
1066 2403 1228 2444 videre
1272 2411 1488 2458 possunt,
1564 2416 1724 2455 Sosim-ure

169 2485 306 2525 quam
349 2471 536 2524 spissim
584 2476 718 2511 autor
756 2471 990 2524 scripture
1023 2477 1116 2512 tam
1159 2475 1312 2514 verbo
1352 2488 1490 2527 quam
1529 2453 1757 2513 εέευιῖἶὲῖἷιῖῗιῗο.

169 2555 315 2594 opere
351 2540 571 2581 concedit
613 2540 703 2580 illis
750 2542 809 2581 de
852 2543 1006 2582 medio
1051 2548 1176 2583 statu
1222 2544 1488 2595 dominium,

169 2624 274 2651 cum
304 2611 408 2664 ipse
442 2610 724 2650 obedienter
758 2611 890 2652 dedit
921 2612 1149 2652 tributum
1182 2613 1343 2663 cesari,
1379 2627 1406 2653 a
1438 2627 1489 2654 se

166 2679 273 2733 ipso
290 2685 445 2720 autem
461 2693 514 2720 ac
531 2680 627 2720 suis
644 2680 871 2733 apostolis
888 2686 935 2721 et
951 2695 1114 2722 eorum
1130 2683 1489 2724 successoribus

240 2870 265 2896 7.
291 2862 388 2889 Codd.
412 2863 441 2889 in
460 2870 574 2897 marg:
599 2861 722 2890 Gradus
741 2864 909 2899 dignitatis
929 2865 959 2891 in
982 2865 1171 2892 secularibus
1185 2872 1245 2892 non
1261 2866 1416 2892 concludit
1430 2874 1493 2893 esse

170 2909 247 2935 tales
267 2909 296 2935 in
314 2909 443 2935 clericis.
521 2907 563 2936 13.
585 2911 612 2935 A
634 2909 664 2936 in
686 2917 800 2944 marg:
827 2909 900 2936 Vide
913 2910 1050 2945 qualiter
1062 2911 1199 2937 admittit
1210 2911 1332 2946 gradus
1345 2912 1374 2938 in
1395 2912 1491 2939 clero.
