2078 3338
268 280 356 308 CAP.
382 271 452 324 VI]
668 282 727 315 DE
754 281 1035 315 POTESTATE
1061 283 1191 316 PAPE.
1802 293 1848 331 13
1861 293 1874 319 1

267 388 471 429 dotalem
504 386 780 441 dignitatem
811 387 944 427 Deus
991 387 1123 428 dedit
1155 387 1352 442 Cayphe
1384 390 1589 443 prophe-

267 457 394 503 ciam,
446 462 498 497 ut
549 456 662 497 dicit
705 457 1004 509 Augustinus
1056 457 1103 497 in
1147 458 1205 497 de
1245 457 1588 510 Questionibus

264 527 441 568 veteris
475 532 522 567 et
553 540 678 567 nove
709 526 828 581 legis
851 526 1069 579 XXXV,
1103 533 1150 567 et
1180 527 1289 567 hinc
1311 528 1468 568 David
1498 529 1587 570 rite

264 596 483 651 pepercit
514 595 655 648 Sauli,
689 602 740 636 ut
771 601 906 649 patet
936 595 958 636 I
990 596 1116 650 Reg.
1148 596 1337 639 XXIV.

231 675 247 706 5
322 666 558 720 Similiter,
593 666 724 707 aliter
745 666 915 707 nullius
939 672 1088 707 status
1113 667 1344 708 celsitudo
1368 675 1589 721 gravaret

262 742 523 791 peccatum,
556 737 687 790 quod
720 741 793 776 est
826 741 988 777 contra
1019 736 1135 777 illud
1166 736 1419 791 Sapiencie
1448 737 1531 790 VI,
1562 743 1586 779 ὁ

261 807 582 849 Durz'ssimum
613 807 836 847 indicium
867 807 967 859 hiis,
1008 808 1085 860 qui
1109 811 1312 861 presunt,
1338 808 1436 860 fiet,
1476 822 1585 862 ymo

263 877 397 918 aliter
420 877 756 930 cuiuscumque
778 876 1014 929 prepositi
1036 882 1185 918 status
1211 877 1585 931 extingueretur,

146 952 222 997 1930
262 953 512 1001 antequam
557 946 806 1000 quicquam
838 946 953 986 boni
984 947 1062 986 vel
1093 946 1200 987 mali
1228 945 1233 1003 Ι
1261 947 1455 998 faceret,
1490 962 1582 1002 que

209 1034 245 1056 10
262 1017 591 1059 contradicunt
606 1015 854 1069 scripture,
879 1029 983 1056 cum
1010 1016 1211 1057 ecclesie
1233 1017 1438 1071 legibus,
1465 1031 1585 1058 com-

260 1087 387 1128 muni
417 1086 558 1127 modo
591 1085 820 1139 loquendi
852 1091 899 1126 et
932 1086 1106 1127 sanctis
1140 1086 1431 1129 doctoribus.
1465 1087 1583 1142 Sup-

258 1157 415 1212 posita
456 1156 603 1210 igitur
647 1155 919 1196 constancia
964 1161 1169 1197 statuum
1216 1161 1263 1197 et
1305 1156 1428 1199 facta
1470 1158 1585 1199 limi-

257 1227 445 1269 tacione
498 1226 556 1266 ad
607 1230 780 1267 statum
854 1239 995 1279 quem
1046 1231 1208 1280 preter
1259 1227 1413 1268 nudos
1466 1228 1583 1270 ritus

257 1298 485 1338 humanos
529 1297 664 1337 Deus
709 1295 903 1348 ordinat,
962 1301 1036 1337 est
1087 1296 1279 1337 dubium
1343 1300 1582 1351 quomodo

205 1376 240 1408 15
259 1374 408 1409 status
440 1366 646 1407 variatur
676 1373 876 1420 propter
915 1372 1046 1407 actus
1079 1367 1222 1407 statui
1254 1367 1474 1409 dissonos
1505 1371 1583 1410 vel

257 1442 520 1492 peccatum.
573 1435 777 1477 Videtur
829 1435 951 1476 enim
1006 1437 1135 1490 quod
1180 1442 1330 1478 status
1375 1451 1479 1478 cum
1523 1439 1582 1480 sit

259 1508 478 1549 accidens
510 1513 605 1548 tam
647 1520 797 1561 parve
831 1506 1105 1547 constancie
1151 1508 1281 1561 quod
1314 1508 1375 1549 sit
1416 1509 1580 1551 inalte-
1604 1522 1641 1560 ,Α
1662 1522 1761 1549 man’s
1782 1527 1860 1550 state

255 1577 415 1619 rabilis
461 1583 508 1619 et
550 1590 638 1632 per
669 1577 795 1618 idem
837 1576 1102 1631 immobilis,
1149 1591 1254 1618 cum
1291 1585 1448 1620 manet
1480 1580 1580 1621 eius
1603 1559 1863 1628 ¹⁵ss¹ffthish²ssffied

258 1648 458 1703 dignitas
507 1661 611 1688 cum
653 1652 871 1701 peccato3
918 1647 1050 1688 aliter
1089 1647 1213 1688 enim
1245 1653 1395 1689 status
1429 1663 1578 1690 sacer-

198 1737 240 1758 20
256 1718 426 1760 dotalis
473 1723 643 1772 posset
686 1731 774 1771 per
818 1717 1148 1758 alteracionem
1201 1718 1405 1760 subiecti
1452 1720 1578 1773 equi-

253 1788 409 1844 parari
452 1788 593 1829 statui
633 1787 802 1842 laycali
847 1793 895 1828 et
939 1787 1137 1841 quilibet
1180 1794 1329 1830 status
1375 1789 1578 1831 cuilibet.

255 1859 493 1911 Similiter,
527 1872 631 1899 cum
666 1858 871 1912 dignitas
895 1863 1045 1899 status
1076 1858 1278 1899 hominis
1311 1859 1371 1901 sit
1400 1859 1575 1914 imper-

252 1930 408 1970 tinens
453 1928 549 1969 suis
594 1928 818 1980 moribus,
862 1927 1051 1969 videtur
1084 1928 1213 1982 quo-d
1251 1933 1344 1970 stat
1377 1931 1576 1971 eundem

253 2013 360 2041 esse
393 1999 529 2040 simul
561 2004 991 2053 quantumcumque
1031 1998 1222 2052 dignum
1257 2004 1304 2040 et
1332 1999 1576 2054 indignum

196 2079 235 2112 25
253 2076 298 2112 et
328 2074 530 2123 propter
573 2068 966 2122 multiplicitatem
996 2073 1216 2109 .statuum
1253 2069 1379 2111 foret
1408 2070 1575 2124 imper-

251 2140 405 2181 tinens
429 2138 700 2179 discernere
722 2152 810 2192 per
832 2144 1002 2180 statum
1026 2139 1085 2179 de
1106 2138 1306 2180 hominis
1330 2139 1574 2196 dignitate,

251 2224 339 2251 nec
389 2209 564 2251 sufficit
613 2209 754 2250 homo
809 2222 1105 2263 cognoscere
1159 2215 1329 2250 statum
1380 2212 1575 2252 totalem

254 2285 574 2335 aggregatum,
634 2285 733 2320 tum
795 2279 903 2333 quia
962 2279 1170 2320 infinitus
1233 2286 1307 2321 est
1367 2286 1574 2322 statuum

250 2364 484 2399 numerus,
546 2355 646 2391 tum
702 2349 809 2403 quia
867 2349 1068 2403 aliquem
1134 2355 1306 2391 statum
1368 2351 1574 2405 proximi

194 2432 235 2464 30
251 2426 444 2474 oportet
484 2419 713 2460 viatorem
761 2420 1120 2473 quomodolibet
1160 2420 1390 2473 ignorare.
1440 2420 1572 2463 Simi-

248 2490 366 2543 liter,
400 2504 504 2531 cum
536 2496 685 2532 status
709 2489 946 2544 denigrari
979 2495 1026 2530 et
1048 2489 1288 2531 debilitari
1319 2491 1497 2544 poterit
1525 2498 1573 2533 et

250 2561 360 2602 alias
393 2560 612 2613 serenari,
646 2560 834 2601 videtur
857 2561 985 2614 quod
1014 2574 1151 2601 omne
1181 2562 1377 2602 mortale
1400 2567 1570 2603 statum

251 2644 390 2685 quem
419 2630 600 2672 invenit
630 2631 790 2680 inficit,
827 2644 931 2671 cum
964 2631 1224 2671 secundum
1248 2630 1569 2686 Augustinum

249 2700 362 2741 facit
390 2700 627 2743 hominem
660 2714 768 2742 esse
799 2700 955 2742 nichil.

322 2837 347 2868 5.
368 2839 398 2866 A
416 2838 448 2867 in
469 2846 583 2874 marg:
603 2844 626 2867 1.
702 2846 751 2867 22.
773 2840 802 2867 A
821 2840 853 2868 in
873 2848 988 2876 marg:
1011 2847 1035 2869 2.

321 2923 351 2955 3.
377 2924 469 2966 Opp.
496 2929 580 2956 tom.
607 2924 660 2969 111,
686 2924 783 2967 App⁸
809 2935 842 2967 p.
871 2924 923 2958 53.
