2078 3338
220 263 306 292 CAP,
328 250 398 307 vt]
624 263 681 293 DE
710 262 989 294 POTESTATE
1018 262 1147 295 ΡΑΡΕ.

220 371 346 412 finali
377 370 495 425 legis
529 366 776 419 dominice,
823 380 927 407 cum
972 366 1244 409 nescierunt
1277 368 1541 411 decretales

224 442 464 496 epistolas.

278 511 516 564 Similiter,
561 524 657 551 non
700 511 808 564 plus
853 516 1067 550 tenemur
1100 509 1294 549 credere
1325 508 1540 564 illisepi-

221 582 352 623 stolis
387 595 524 635 quam
556 586 773 621 tenemur
806 580 999 620 credere
1033 580 1160 633 quod
1194 584 1357 619 auctor
1380 593 1540 620 eorum

187 660 203 692 5
222 653 282 693 sit
305 657 446 706 caput
470 651 673 692 ecclesie
695 649 946 702 militantis,
981 650 1067 690 sed
1094 650 1185 690 hoc
1208 663 1304 690 non
1326 655 1541 690 tenemur

222 723 417 763 credere
434 723 614 775 absque
630 720 892 773 formidine,
909 734 1003 761 non
1019 720 1166 761 solum
1183 720 1289 773 quia
1303 720 1539 769 nescimus

220 793 260 833 si
302 791 511 838 moritur,
563 805 729 832 verum
782 791 889 844 quia
939 790 1175 831 nescimus
1221 790 1260 830 si
1303 790 1539 844 prescitus

106 869 182 902 188c
219 861 361 903 fuerit
391 861 470 902 vel
501 862 760 901 membrum
793 866 954 901 sancte
987 860 1147 901 matris
1181 860 1396 903 ecclesie.
1427 862 1432 912 Ι
1461 859 1540 901 Sic

221 932 343 973 enim
376 931 541 972 electis
587 931 773 971 duobus
816 930 955 984 papis
999 930 1058 970 de
1102 930 1305 983 primatu
1339 936 1540 971 conten-

167 1020 205 1041 10
222 1001 442 1042 dentibus
486 1001 855 1042 christianismus
899 1000 1024 1041 foret
1066 1000 1329 1053 perplexus
1369 1006 1416 1040 et
1447 1013 1543 1040 non

220 1071 463 1112 sufficeret
493 1071 539 1112 in
573 1071 808 1112 Christum.
843 1072 1059 1122 credere3
1094 1084 1188 1110 non
1221 1070 1342 1110 enim
1376 1075 1543 1110 teneor

220 1142 328 1195 plus
363 1142 556 1182 credere
592 1141 719 1182 dicto
759 1140 959 1181 hominis
999 1154 1138 1194 quam
1169 1145 1338 1180 teneor
1371 1139 1429 1179 de
1460 1138 1541 1179 illo

222 1212 418 1252 credere
471 1211 770 1252 sanctitatem
821 1212 898 1251 vel
961 1212 1091 1264 quod
1140 1210 1276 1250 Deus
1336 1209 1384 1249 in
1434 1209 1540 1262 ipso

220 1281 441 1335 loquitur,
486 1283 571 1323 sed
604 1296 699 1323 non
732 1287 899 1322 teneor
930 1281 1108 1335 pariter
1146 1280 1340 1321 credere
1374 1278 1542 1319 sancti-

168 1357 366 1393 xitatem
398 1352 495 1393 vite
527 1353 573 1393 in
606 1352 782 1393 nostris
815 1351 1088 1406 prepositis,
1134 1350 1256 1391 sicut
1287 1349 1334 1390 in
1367 1348 1542 1389 sanctis

221 1421 466 1476 apostolis,
497 1422 644 1476 igitur
675 1436 771 1463 non
804 1428 983 1462 tantum
1016 1427 1183 1462 teneor
1217 1420 1412 1460 credere
1446 1418 1542 1459 suis

221 1492 433 1545 scriptis;
481 1498 592 1532 tunc
640 1492 763 1533 enim
794 1497 986 1532 tenerer
1032 1491 1227 1531 credere
1274 1489 1403 1543 quod
1434 1494 1544 1529 sunt

222 1562 481 1602 confirmati
512 1562 669 1615 gracia
699 1561 1139 1615 predestinacionis

280 1631 514 1682 Similiter,
557 1632 647 1673 ista
691 1632 934 1673 sentencia
976 1631 1190 1672 inficeret
1220 1635 1368 1671 totam
1401 1629 1542 1682 scrip·

166 1715 207 1739 20
222 1707 371 1742 turam
406 1715 598 1754 sacram,
634 1716 739 1742 cum
760 1702 1028 1755 Apostolus
1063 1700 1160 1743 Gal.
1194 1700 1228 1751 I,
1263 1702 1286 1739 8
1321 1700 1544 1739 audacter

222 1772 402 1824 asserit,
437 1772 566 1825 quod
598 1772 637 1812 si
666 1771 757 1813 illis
790 1774 856 1813 vel
887 1773 1076 1824 angelus
1108 1772 1161 1811 cle
1192 1772 1281 1810 celo
1312 1770 1541 1822 evangeli-

220 1845 342 1882 zaret
389 1846 687 1895 preterquam
742 1842 860 1894 quod
903 1842 1261 1894 evangelizatum
1307 1843 1382 1892 est,
1423 1852 1540 1879 azm-

221 1913 370 1952 thema
391 1912 461 1952 sit.
485 1911 632 1951 Modo
658 1918 812 1952 autem
835 1912 980 1952 multe
1004 1916 1176 1964 gentes
1199 1909 1544 1950 transferuntur

224 1995 325 2021 curn
360 1979 458 2022 Gal.
505 1981 719 2022 doctrina
752 1981 971 2035 Apostoli
1002 1994 1090 2035 per
1124 1980 1350 2033 epistolas
1383 1980 1541 2019 decre-

166 2057 205 2089 25
222 2050 351 2091 tales.
376 2050 490 2091 Cum
513 2050 657 2105 igitur
677 2065 763 2104 per
785 2050 1124 2104 falsigraphum
1148 2054 1343 2103 oportet
1364 2054 1543 2089 tantum

221 2120 310 2160 illis
373 2121 569 2161 credere
632 2121 754 2161 sicut
787 2122 1021 2174 apostolo,
1080 2118 1360 2173 relinquitur
1413 2120 1542 2172 quod

223 2196 415 2244 oportet
460 2192 680 2243 apostolo
724 2190 770 2230 in
813 2190 906 2231 isto
954 2190 1239 2241 discredere,
1285 2202 1389 2229 cum
1433 2188 1544 2229 licet

224 2259 291 2300 eis
325 2266 375 2300 ut
406 2260 617 2300 referunt
651 2266 816 2301 contra
848 2260 1116 2313 apostolum
1157 2259 1444 2312 dispensare,
1490 2271 1544 2298 eo

225 2330 352 2382 quod
383 2329 477 2382 ipsi
510 2329 798 2370 auctorizant
831 2329 1010 2383 scripta
1042 2328 1259 2382 apostoli.

168 2413 210 2445 go
282 2398 415 2449 Item,
456 2399 608 2453 Apoc.
642 2399 804 2440 ultimo
844 2404 1047 2453 propter
1080 2398 1407 2440 auctoritatem
1439 2398 1545 2438 libri

223 2470 460 2521 propheta
492 2469 559 2509 sic
591 2469 814 2522 loquitur:
850 2468 900 2510 Si
931 2470 1033 2522 quis
1064 2469 1324 2522 apposuerit
1357 2469 1418 2508 αλ
1455 2468 1544 2518 lzec,

227 2542 420 2592 apponet
442 2539 568 2580 Deus
597 2552 736 2591 snper
759 2540 890 2580 illum
917 2541 1090 2592 plagas
1120 2539 1318 2591 scriptas
1349 2539 1395 2578 in
1428 2539 1542 2578 libro

296 2706 335 2725 11.
357 2697 410 2724 ΑΒ
436 2698 467 2725 in
494 2706 610 2734 marg:
634 2698 770 2727 Credere
796 2699 933 2734 epislolis
960 2698 1172 2726 decretalzbus.
1250 2708 1291 2733 14,
1315 2699 1343 2726 A
1369 2699 1398 2725 in
1427 2706 1544 2734 marg:

224 2755 306 2783 Nota
326 2754 363 2782 de
387 2755 490 2791 Cazj‘cz.
566 2765 615 2783 20.
643 2757 697 2783 ΑΒ
723 2757 753 2784 in
782 2765 898 2791 marga
920 2732 1058 2807 2353?
1075 2735 1090 2800 ¹5
1108 2756 1260 2791 scrt'plure
1272 2764 1363 2783 sacre
1383 2764 1444 2783 non
1465 2756 1543 2784 licet.

226 2821 272 2840 21.
295 2812 411 2840 Codd.:
435 2814 488 2840 illi.
566 2822 601 2841 22
639 2814 675 2841 ss:
698 2815 781 2849 quod
800 2814 893 2841 deest.

296 2904 348 2936 30.
377 2897 485 2938 Apoc.
513 2897 613 2937 XXII,
641 2898 686 2937 18,
712 2906 760 2937 19.

1754 265 1826 292 111

1593 516 1652 544 We
1673 525 1723 544 are
1744 522 1797 544 not

1616 553 1719 581 bound
1740 558 1772 581 to

1593 587 1707 615 believe
1726 589 1791 616 that

1591 622 1641 649 the
1684 631 1743 657 ope
1763 624 1789 650 is

1591 657 1645 684 hea
1689 658 1723 685 of
1741 658 1791 685 the

1626 691 1761 720 Church.

1573 726 1670 754 What
1689 728 1715 755 if
1731 728 1805 755 rival

1608 770 1774 824 usage
