2078 3338
264 256 354 284 CAP.
383 245 468 302 vn]
668 259 726 289 DE
755 258 1037 290 POTEsTATE
1064 259 1193 291 PAPE.
1800 253 1870 289 161

265 363 360 403 abit
376 362 622 403 ecclesiam
645 362 817 403 Christi
839 376 943 403 cum
964 365 1250 403 mammona?
1274 362 1371 415 Ille,
1384 363 1585 417 inquam,

263 432 382 473 vivit
420 433 799 486 exproprietarie
839 432 917 485 qui
959 435 1020 474 ob
1058 446 1263 473 amorem
1295 433 1388 473 Dei
1427 439 1474 474 et
1509 447 1584 474 se-

265 502 508 542 curitatem
554 516 579 542 a
623 502 771 542 seculi
803 502 1088 542 seduccione
1143 502 1367 555 relinquit
1401 517 1586 543 omnem

263 571 447 612 titulum
477 572 680 612 humane
713 571 978 612 securitatis
1013 572 1071 611 de
1106 572 1357 612 dotacione
1383 573 1461 612 vel
1495 573 1586 613 ele-

233 641 444 682 §mosina
480 646 725 694 perpetua,
766 654 853 694 spe
893 654 1154 693 suspensus
1194 640 1242 681 in
1272 641 1395 692 Deo,
1436 641 1510 681 cui
1541 641 1587 681 in

264 710 497 763 superiori
550 710 753 750 ecclesie
807 709 965 750 officio
1017 709 1254 762 inturpate
1301 716 1348 750 et
1399 711 1586 751 assidue

264 780 524 832 famuletur,
570 779 771 832 qualiter
805 779 1028 819 vixerunt
1070 780 1307 832 prophete
1346 778 1468 833 legis
1507 794 1584 821 ve-

262 849 389 900 teris,
424 849 638 889 Christus
673 862 775 889 cum
810 849 906 890 suis
939 848 1168 902 apostolis
1202 854 1249 890 et
1274 849 1406 890 multi
1427 856 1585 903 poste-

261 920 410 960 riores
444 919 572 959 docti
605 920 661 958 ab
693 918 797 959 illis.
836 918 977 959 Unde
1008 918 1250 971 paulative
1280 919 1464 972 recepit
1494 919 1585 960 iste
1664 936 1745 964 How
1764 938 1815 965 the

212 1005 248 1026 ιο
263 994 411 1030 status
450 989 624 1043 gradus
663 993 711 1028 et
748 988 1146 1041 sophisticabatur
1180 988 1303 1028 mille
1335 989 1584 1041 versuciis;
1617 972 1849 1044 graffiifsshfen

262 1073 366 1099 nam
410 1065 627 1111 tempore
671 1059 994 1111 apostolorum
1039 1057 1372 1099 dividebantur
1412 1072 1584 1112 expro-
1611 1050 1698 1105 Ὗῇζ
1716 1043 1868 1105 ῗςοῖῗῃξὴῦ

262 1128 484 1182 prietarii,
522 1128 599 1168 alii
635 1128 941 1168 ministrando
974 1128 1150 1168 mensis
1187 1134 1234 1168 et
1266 1128 1340 1168 alii
1371 1142 1490 1182 pure
1521 1129 1583 1169 in·
1670 1117 1810 1149 ”ovesty'

263 1198 515 1239 tendentes
569 1197 969 1251 evangelizacioni
1021 1203 1067 1238 et
1111 1197 1212 1238 aliis
1265 1198 1585 1251 spiritualibus

264 1269 490 1322 operibus
523 1268 800 1321 sacerdotis,
839 1273 891 1308 ut
928 1273 1062 1321 patet
1093 1268 1199 1310 Act.
1226 1267 1308 1310 VI.
1360 1267 1585 1309 Secundo

211 1339 446 1391 15recepit
497 1339 649 1378 clerus
702 1339 889 1391 glebam
935 1343 983 1378 et
1025 1337 1263 1391 paulative
1309 1338 1586 1378 dotaciones

262 1408 512 1450 ulteriores
546 1422 608 1449 ex
640 1408 776 1449 titulo
812 1408 1070 1448 elemosine
1104 1408 1205 1448 sine
1230 1407 1486 1449 affeccione
1508 1409 1587 1448 vel

263 1479 516 1520 securitate
554 1480 764 1530 humana,
808 1492 918 1532 ymo
956 1478 1165 1531 rapinam
1204 1484 1253 1518 et
1290 1478 1586 1519 oblacionem

261 1548 421 1589 talium
455 1562 559 1588 cum
592 1548 764 1601 gaudio
805 1554 1131 1601 susceperunt.
1170 1548 1232 1588 Et
1263 1548 1330 1588 sic
1353 1548 1441 1588 fuit
1471 1553 1584 1588 tem-

261 1632 380 1672 pore
403 1618 661 1673 Augustini
685 1625 732 1659 et
764 1619 957 1659 aliorum
990 1624 1271 1671 sanctorum,
1305 1618 1385 1671 qui
1416 1617 1586 1658 leviter

206 1695 595 1742 2opeccaverunt.
646 1687 740 1730 Sed
785 1703 888 1729 cum
932 1688 1035 1729 istis
1080 1687 1313 1741 surrepsit
1351 1701 1585 1728 venenum

264 1758 469 1812 dyaboli,
509 1772 601 1812 quo
643 1772 745 1798 cum
785 1758 1185 1811 expropriacione
1225 1758 1283 1797 de
1316 1758 1442 1798 facto
1475 1771 1584 1811 pro-

262 1827 550 1881 priacionem
592 1827 844 1868 immiscuit
888 1830 935 1868 in
980 1827 1210 1881 affectum,
1257 1833 1308 1867 ut
1350 1833 1483 1880 patet
1527 1828 1585 1867 de

263 1896 481 1938 Scarioth
534 1904 580 1938 et
623 1897 779 1938 multis
824 1897 1154 1950 sequentibus3
1209 1897 1421 1937 secundo
1468 1910 1584 1936 vero

263 1966 623 2007 subintroducte
657 1972 767 2007 sunt
797 1966 945 2007 lacius
969 1968 1150 2007 cautele
1175 1966 1381 2020 dyaboli,
1414 1966 1585 2019 quibus

143 2039 223 2073 201b
264 2037 519 2077 elemosine
559 2042 791 2089 occupate
825 2050 849 2076 a
896 2036 1082 2077 notorie
1119 2036 1326 2089 indignis
1366 2041 1475 2077 sunt
1502 2034 1506 2089 ξ
1536 2041 1587 2075 ut

260 2106 498 2146 hereditas
532 2105 800 2146 avidissime
828 2105 1088 2147 vendicata.
1132 2106 1193 2145 Et
1231 2105 1290 2145 ad
1323 2105 1584 2145 defenden-

264 2176 373 2215 dum
403 2175 541 2215 istam
574 2175 686 2215 cleri
719 2175 968 2215 avariciam
1001 2181 1110 2215 sunt
1140 2175 1285 2215 multe
1317 2175 1452 2227 leges
1477 2187 1584 2214 con-

264 2245 373 2297 dite,
417 2244 464 2284 in
508 2250 688 2285 tantum
731 2245 860 2298 quod
904 2245 1053 2284 oblito
1092 2245 1173 2284 tali
1213 2244 1371 2284 officio
1408 2257 1585 2284 summe

262 2328 350 2367 pro
373 2316 506 2355 lucro
530 2314 777 2367 temporali
800 2315 1117 2365 contenditur,
1143 2321 1191 2355 et
1212 2315 1328 2354 illud
1349 2328 1586 2355 venenum

207 2391 248 2422 30
265 2390 338 2424 est
381 2383 694 2437 periculosius
728 2390 776 2424 et
815 2384 1079 2425 extensius:
1117 2383 1227 2424 ideo
1261 2397 1321 2423 ve
1358 2383 1463 2436 illis,
1507 2383 1587 2437 qui

263 2454 427 2494 fovent
456 2454 612 2507 ipsum
643 2459 844 2507 propter
876 2454 1075 2494 animum
1110 2453 1391 2494 dominandi.

322 2522 443 2564 Sunt
481 2529 634 2563 autem
670 2523 803 2563 multi
840 2523 948 2574 fuci,
988 2522 1159 2577 quibus
1201 2522 1419 2576 discipuli
1452 2522 1584 2562 Anti-

264 2593 424 2633 christi
465 2595 745 2646 perturbant
789 2592 1057 2633 ecclesiam:
1104 2598 1308 2646 querunt
1348 2592 1469 2632 enim
1508 2592 1584 2632 de-

264 2662 576 2717 scripcionem
598 2662 697 2703 vite
731 2662 1112 2716 exproprietarie
1146 2668 1193 2703 et
1225 2667 1432 2714 arguunt
1457 2662 1586 2715 quod

336 2843 357 2862 1.
385 2836 411 2861 A
437 2835 467 2861 in
495 2842 609 2869 marg:
633 2834 716 2869 Quid
740 2836 786 2861 est
810 2834 914 2862 vivere
938 2833 1208 2869 exproprietarie;
1234 2833 1256 2859 Β
1283 2833 1314 2860 in
1341 2841 1455 2867 marga
1482 2833 1586 2860 Vivere

264 2881 522 2916 exproprietarz'e.

332 2946 374 2968 De
391 2944 540 2968 Potestate
557 2944 644 2972 Papa.
1408 2950 1417 2970 Ι
1431 2950 1440 2970 1
