2078 3338
317 253 398 302 364

1037 265 1262 296 JOHANNIS
1289 264 1474 296 WYCLIF
1720 254 1826 305 [CAP.
1848 263 1913 291 ΧΠ.

605 382 832 423 perversa
864 368 1121 409 affeccione
1153 368 1321 422 pocius
1352 368 1631 421 preessendi
1653 382 1788 422 quam
1815 383 1918 423 pro—

607 439 818 479 merendi
856 438 1120 492 suscipiunt
1155 438 1270 478 illud
1311 450 1440 478 onus.
1493 437 1634 490 Quod
1674 438 1921 479 evidenter

607 508 905 549 convincitur
938 521 998 548 ex
1019 508 1109 548 hoc
1134 508 1260 561 quod
1284 508 1625 560 amplectentes
1646 509 1921 562 temporalia

607 577 846 618 dimittunt
905 577 1110 617 officium
1168 576 1480 631 promerendi,
1543 579 1671 630 quod
1729 583 1922 631 oportet

605 648 769 700 laycos
814 646 853 687 si
895 648 1064 687 volunt
1104 659 1336 686 memores
1382 659 1487 686 esse
1532 647 1694 687 salutis
1731 648 1954 701 proprie5

604 717 824 758 iudicare.
855 717 916 757 Et
938 716 1005 756 sic
1028 716 1216 756 videtur
1237 715 1401 756 melius
1427 715 1529 756 fore
1563 716 1762 757 ecclesie
1795 718 1922 770 quod

606 800 701 827 non
746 786 872 827 foret
914 786 1125 840 prelatus
1170 798 1401 826 cesareus
1463 785 1542 827 Sic
1587 786 1706 826 enim
1749 786 1922 827 Petrus

608 861 655 896 et
699 855 845 895 ceteri
889 855 1095 909 apostoli
1136 855 1283 896 instar
1316 854 1486 896 Christi
1529 855 1923 908 preeminenciam

606 924 729 964 illam
753 923 1034 977 aufugerant
1049 929 1096 964 et
1113 924 1479 965 ministerialiter
1494 930 1694 978 propter
1708 925 1922 966 meritum

608 994 733 1048 apud
754 995 909 1034 Deum
933 994 1260 1035 absconditum
1283 995 1484 1035 subesse
1507 994 1761 1049 elegerant.
1785 994 1923 1034 Unde
1943 1010 1980 1031 ιο

610 1063 865 1117 Gregorius
909 1063 1061 1117 primo
1105 1063 1417 1104 Pastoralium
1462 1063 1551 1105 III:
1596 1064 1692 1104 Hec
1734 1065 1924 1104 breviter

608 1134 825 1187 diximus,
864 1136 912 1173 ut
942 1136 1163 1185 quantum
1194 1134 1253 1174 sit
1279 1134 1461 1186 pondus
1503 1134 1746 1186 regiminis
1789 1146 1921 1173 mon-

607 1207 877 1256 straremus,
919 1216 973 1243 ne
1015 1207 1242 1244 temerare
1283 1215 1422 1243 sacra
1464 1204 1694 1255 regimina
1725 1191 1924 1255 quisquis

608 1275 767 1326 impar
797 1274 866 1314 his
897 1277 960 1313 est
990 1274 1157 1314 audeat
1188 1276 1226 1313 et
1262 1285 1346 1325 per
1376 1273 1790 1325 concupiscenciam
1826 1273 1922 1312 cul-

609 1343 750 1384 minis
780 1344 994 1383 ducatum
1028 1344 1247 1395 suscipiat
1271 1343 1564 1395 perdicionis.
1608 1341 1731 1382 Hinc
1763 1342 1922 1382 etenim
1946 1346 1980 1378 15

608 1412 806 1453 jacobus
830 1413 908 1465 pie
932 1413 1138 1465 prohibet
1158 1413 1331 1453 dicens:
1363 1411 1509 1452 Nolite
1529 1413 1690 1464 plures
1711 1412 1926 1464 magistri

609 1483 736 1535 fieri,
757 1482 941 1534 fratres
971 1483 1071 1523 mei.
1105 1481 1228 1522 Hinc
1258 1482 1487 1522 mediator
1507 1481 1594 1521 Dei
1624 1484 1663 1521 et
1691 1481 1925 1521 homiuum

603 1552 841 1604 percipere
871 1560 1066 1604 regnum
1098 1552 1254 1592 vitavit
1279 1551 1494 1601 interris,
1526 1551 1603 1602 qui
1623 1562 1925 1603 supernorum

608 1622 859 1674 spirituum
890 1621 1134 1661 scienciam
1166 1633 1433 1673 sensumque
1470 1621 1791 1660 transcendens
1824 1622 1927 1659 ante

608 1692 760 1732 secula
791 1694 953 1743 regnat
983 1691 1030 1731 in
1063 1691 1178 1732 celis.
1212 1689 1444 1742 Scriptum
1471 1690 1634 1742 quippe
1666 1692 1739 1739 est,
1771 1688 1927 1729 Ihesus
1944 1704 1984 1725 20

610 1773 714 1801 cum
759 1761 1044 1813 cognovisset,
1093 1760 1201 1812 quia
1232 1760 1410 1800 venturi
1447 1762 1587 1800 essent
1629 1762 1677 1799 ut
1712 1761 1927 1811 raperent

610 1833 649 1871 et
669 1829 882 1881 facerent
902 1842 1005 1871 eum
1027 1838 1193 1882 regem,
1205 1830 1334 1882 fugit
1355 1830 1402 1870 in
1424 1831 1634 1870 montem.
1673 1827 1784 1880 Quis
1806 1828 1925 1868 enim

603 1900 871 1955 principari
920 1901 1178 1941 hominibus
1238 1903 1334 1940 tam
1385 1899 1481 1940 sine
1529 1899 1665 1951 culpa
1708 1898 1926 1951 potuisset

609 1983 751 2027 quam
781 1971 832 2020 is,
864 1971 942 2023 qui
972 1971 1199 2022 inculpate
1229 1972 1403 2022 regeret
1438 1970 1541 2009 illos
1576 1980 1685 2020 quos
1726 1967 1926 2008 creavit?

612 2039 700 2081 Sed
730 2040 837 2092 quia
880 2040 1051 2080 idcirco
1084 2041 1131 2080 in
1162 2052 1300 2080 carne
1344 2042 1537 2089 venerat,
1580 2042 1628 2078 ut
1657 2050 1746 2078 uon
1776 2037 1924 2077 solum
1942 2040 1981 2072 25

610 2123 692 2151 nos
728 2123 815 2162 per
851 2111 1118 2163 passionem
1160 2110 1417 2160 redimeret,
1461 2121 1618 2149 verum
1664 2108 1807 2148 eciam
1838 2119 1927 2159 per

611 2180 1002 2221 conversacionem
1046 2180 1234 2228 doceret,
1278 2179 1530 2231 exemplum
1573 2190 1619 2218 se
1649 2177 1928 2229 sequentibus

606 2251 801 2303 prebens
831 2260 908 2289 rex
926 2249 1042 2300 fieri
1071 2249 1227 2299 noluit,
1266 2249 1328 2288 ad
1358 2248 1506 2288 crucis
1537 2260 1638 2288 vero
1666 2246 1926 2299 patibulum

610 2322 766 2372 sponte
809 2319 1022 2368 convenit,
1066 2319 1264 2358 oblatam
1303 2318 1507 2370 gloriam
1540 2316 1754 2357 culminis
1783 2315 1924 2367 fugit,

606 2400 779 2441 penam
809 2389 1025 2440 probrose
1055 2389 1218 2428 mortis
1248 2388 1442 2439 expeciit,
1479 2389 1527 2427 ut
1557 2384 1799 2440 memlbra
1830 2385 1927 2425 eius
1966 2385 2047 2421 251d

612 2458 833 2498 discerent
852 2457 1045 2509 favores
1075 2458 1238 2498 mundi
1257 2457 1438 2510 fugere,
1472 2459 1668 2497 terrores
1691 2455 1926 2495 hominum

612 2539 700 2567 non
732 2528 905 2579 timere,
931 2539 1020 2580 pro
1053 2528 1239 2567 veritate
1270 2527 1466 2567 adversa
1497 2526 1696 2578 diligere,
1729 2524 1924 2566 timendo

605 2609 837 2650 prospera
868 2597 1108 2638 declinare.

686 2755 730 2784 13.
751 2755 869 2783 Codd.:
895 2763 934 2783 ne
960 2755 1087 2783 intrare.
1165 2754 1208 2789 13,
1232 2762 1277 2789 14.
1299 2753 1394 2782 Cod.:
1416 2753 1554 2789 quisquis
1574 2755 1620 2781 est
1637 2754 1662 2780 is
1682 2760 1781 2788 nuper
1799 2752 1923 2780 audeat.

614 2802 754 2830 Correxi.

689 2897 737 2918 11.
766 2885 787 2919 Ι.
814 2896 843 2917 c.
943 2886 992 2918 15.
1017 2885 1086 2919 Jac.
1113 2885 1166 2925 111,
1200 2895 1225 2919 1.
1322 2894 1375 2917 20.
1400 2883 1478 2917 Joh.
1497 2884 1554 2926 VI⁷
1587 2883 1636 2917 15.
