2078 3338
291 1694 397 1722 Rulers
418 1702 467 1722 are

261 1734 292 1756 to
314 1730 349 1756 be
369 1730 486 1765 obeyed

251 1772 285 1791 so
305 1765 352 1792 far
372 1773 405 1792 as
425 1765 496 1801 they

265 1804 310 1827 set
328 1799 410 1827 forth
431 1800 481 1827 the

237 1834 289 1862 life
310 1836 368 1862 and
391 1835 451 1862 will
473 1835 507 1862 of

321 1869 435 1898 Christ.

980 245 1205 278 JOHANle
1233 245 1418 277 WYCLIF
1667 233 1774 290 [CAP.
1800 244 1853 271 iv.

534 362 673 402 quem
698 349 878 403 eligunt
901 349 962 390 sit
984 349 1082 390 eius
1106 349 1321 398 vicarius,
1364 354 1499 403 patet
1531 351 1659 404 quod
1693 364 1853 391 eorum

535 418 688 459 activa
736 419 913 460 eleccio
958 432 1053 459 non
1099 420 1179 460 dat
1223 420 1376 460 electo
1421 419 1650 460 iusticiam
1695 421 1855 473 quoad

532 488 701 531 Deum.
734 487 813 530 Sic
847 489 968 529 enim
999 494 1201 542 possent
1233 490 1467 530 electores
1488 490 1703 543 perverti
1724 491 1854 543 quod

535 558 717 611 eligunt
730 559 776 599 in
793 558 966 599 Christi
985 558 1210 601 vicarium
1225 558 1483 612 pessimum
1498 559 1854 601 Antichristum.

535 626 597 667 Et
642 628 751 668 hinc
792 629 934 668 credo
968 629 1097 681 quod
1127 628 1245 669 ritus
1278 628 1479 669 ecclesie
1510 628 1736 681 religiose
1773 635 1886 670 no-5

531 697 708 738 minant
739 698 879 738 talem
912 699 1113 746 electum
1145 698 1462 752 permissione
1492 698 1649 739 divina
1673 699 1853 752 episco-

531 781 665 820 pum;
714 781 809 808 non
852 772 1132 821 presumunt
1176 767 1333 808 dicere
1377 768 1731 821 approbacione
1775 769 1855 808 vel

531 837 688 891 gracia
711 837 886 888 divina3
920 838 1049 890 quod
1072 837 1232 890 sepius
1254 837 1547 878 mentiretur.
1580 836 1632 879 Si
1659 837 1853 891 dicatur,

532 907 659 960 quod
707 920 763 947 eo
808 907 914 960 ipso
960 907 1064 960 quis
1110 906 1300 960 eligitur
1344 911 1458 960 aput
1487 907 1642 947 Deum
1681 908 1851 948 autori-

529 981 713 1017 zantem
747 977 1049 1027 eleccionem,
1084 990 1177 1030 quo
1210 976 1257 1016 in
1291 989 1394 1016 eum
1426 976 1571 1017 maior
1604 990 1713 1030 pars
1747 991 1852 1018 con·
1875 994 1912 1015 10

531 1047 736 1087 senserit
769 1047 1043 1100 electorum,
1077 1060 1133 1087 eo
1170 1046 1276 1100 ipso
1298 1046 1475 1087 subditi
1506 1047 1686 1087 debent
1719 1047 1855 1100 sequi

532 1130 637 1156 eum
670 1117 1117 1170 quomodocumque
1149 1116 1362 1167 viaverit,
1393 1121 1527 1169 patet
1554 1117 1682 1170 quod
1713 1116 1854 1157 nichil

529 1186 779 1237 infidelius,
808 1190 812 1239 Ι
843 1186 951 1240 quia
980 1199 1077 1227 non
1117 1186 1268 1226 solum
1311 1187 1519 1226 membra
1551 1186 1746 1239 dyaboli
1778 1199 1852 1226 co·
1896 1190 1972 1234 176c

529 1261 702 1310 gerent
733 1257 889 1297 Deum
922 1258 981 1297 ad
1011 1256 1200 1304 malum3
1240 1256 1325 1297 sed
1361 1256 1480 1297 fides
1514 1255 1852 1309 consequentis

529 1328 834 1367 subverteret
865 1332 1037 1368 statum
1060 1326 1277 1377 ecclesie,
1309 1326 1417 1367 ideo
1443 1326 1566 1367 absit
1588 1339 1613 1366 a
1633 1326 1852 1367 fidelibus
1875 1332 1909 1365 15

527 1396 619 1436 hoc
661 1396 889 1450 porisma;
940 1402 1052 1437 tunc
1098 1396 1219 1437 enim
1265 1401 1431 1449 posset
1469 1409 1630 1436 currus
1663 1396 1758 1437 Dei
1790 1409 1852 1436 ex

528 1466 774 1520 principiis
805 1467 918 1507 fidei
950 1467 1057 1507 duci
1087 1467 1134 1507 in
1156 1466 1480 1520 precipicium,
1514 1466 1851 1507 descendendo

528 1550 616 1590 per
657 1537 952 1578 latitudinem
991 1537 1170 1577 itineris
1201 1537 1494 1578 Antichristi.
1556 1536 1671 1577 Ideo
1707 1535 1853 1575 debet

530 1619 638 1647 esse
669 1607 871 1647 maxima
900 1607 1030 1647 fideli
1061 1607 1190 1660 quod
1221 1606 1410 1660 precise
1444 1607 1502 1646 de
1540 1611 1671 1647 tanto
1705 1605 1853 1645 debet

529 1676 747 1717 subditus
792 1676 929 1730 sequi
972 1690 1106 1717 suum
1149 1676 1384 1729 privatum
1430 1676 1729 1729 prepositum
1771 1675 1851 1715 vel
1868 1690 1909 1711 20

529 1745 620 1786 sibi
652 1751 730 1786 aut
762 1759 847 1786 sue
878 1746 1184 1799 prepositure
1215 1746 1426 1799 legitime
1463 1746 1745 1793 consentire,
1792 1745 1850 1785 de

527 1821 703 1869 quanto
735 1816 940 1856 imitatus
974 1820 1048 1857 est
1071 1815 1301 1856 Christum
1333 1816 1412 1856 vel
1445 1815 1660 1856 docuerit
1690 1816 1847 1869 legem

527 1899 670 1936 suam,
696 1890 774 1926 aut
794 1886 1163 1927 conversacione
1189 1891 1237 1926 et
1259 1899 1407 1940 opere
1431 1886 1641 1926 ostendit
1662 1885 1846 1940 signum

526 1956 686 1996 vivum
731 1956 804 1996 sui
847 1956 1001 1998 officii.
1045 1956 1186 1996 Patet
1219 1969 1281 1996 ex
1314 1957 1507 1996 decreto
1541 1955 1692 1996 sancti
1721 1968 1847 2008 pape

527 2024 752 2079 Cypriani
795 2026 1106 2066 distinccione
1138 2025 1257 2066 VIII
1296 2024 1348 2066 Si
1377 2027 1500 2066 solus
1535 2024 1756 2078 Christh
1802 2029 1849 2065 et
1865 2031 1904 2063 25

528 2097 671 2136 docet
692 2097 938 2150 apostolus
961 2096 1111 2149 prima
1127 2095 1232 2136 Cor.
1247 2095 1334 2147 XI,
1357 2110 1395 2136 1:
1426 2096 1574 2137 Estote
1595 2096 1849 2136 imitatores

525 2166 617 2206 mei
646 2167 762 2206 sicut
792 2175 870 2219 ego
907 2165 1086 2208 Christi.
1126 2166 1254 2206 Ecce
1287 2179 1424 2219 quam
1456 2165 1667 2206 breviter
1699 2165 1849 2205 forma

527 2235 806 2289 exprimitur
837 2235 1055 2276 imitandi.
1088 2235 1150 2275 Et
1179 2236 1268 2275 hec
1299 2235 1425 2275 racio
1459 2248 1603 2288 quare
1628 2234 1847 2288 apostoli,

525 2317 585 2346 ne
630 2305 929 2358 eclipsarent‚
974 2305 1060 2346 sed
1099 2305 1392 2345 declararent
1422 2305 1653 2345 visionem
1687 2304 1744 2344 ad
1776 2317 1846 2344 se-

526 2376 765 2429 quendum
797 2374 972 2416 Christi
1014 2375 1231 2429 vestigia,
1275 2388 1371 2415 non
1416 2375 1667 2415 ediderunt
1696 2387 1845 2414 novas
1863 2381 1904 2414 30

524 2445 659 2500 leges
711 2445 798 2485 sed
847 2445 1003 2499 legem
1055 2458 1192 2498 quam
1245 2458 1270 2485 a
1322 2444 1509 2485 Christo
1563 2448 1847 2497 acceperant

526 2515 690 2556 sedule
735 2515 1018 2564 docuerunt;
1065 2515 1287 2556 dixerunt
1330 2528 1382 2556 se
1427 2528 1534 2556 esse
1574 2527 1752 2555 vacuos
1798 2518 1846 2554 et

527 2585 757 2639 dyasones
780 2585 914 2639 quasi
935 2586 1083 2637 nichil,
1116 2590 1168 2626 ut
1188 2589 1323 2639 patet
1343 2585 1492 2639 prima
1515 2584 1621 2626 Cor.
1644 2584 1782 2637 XIII,
1806 2596 1843 2636 2,

599 2780 625 2814 5,
648 2780 675 2807 6.
699 2778 792 2807 Cod.:
814 2779 972 2808 Nominat.
1047 2781 1074 2814 6,
1097 2788 1125 2815 7.
1147 2779 1263 2807 Codd.:
1285 2780 1376 2807 talem
1396 2780 1582 2816 episcopum.

596 2876 649 2910 25.
677 2876 815 2907 Decreti
842 2876 958 2907 Prima
984 2886 1075 2918 pam,
1103 2876 1180 2907 dist.
1200 2876 1286 2908 Vlll.
1315 2886 1388 2917 cap.
1418 2876 1471 2908 lX.
