<?xml version="1.0" encoding="UTF-8"?>
<!DOCTYPE html PUBLIC "-//W3C//DTD XHTML 1.0 Transitional//EN"
    "http://www.w3.org/TR/xhtml1/DTD/xhtml1-transitional.dtd">
<html xmlns="http://www.w3.org/1999/xhtml" xml:lang="en" lang="en">
 <head>
  <title>
</title>
<meta http-equiv="Content-Type" content="text/html;charset=utf-8" />
  <meta name='ocr-system' content='tesseract 3.04.00' />
  <meta name='ocr-capabilities' content='ocr_page ocr_carea ocr_par ocr_line ocrx_word'/>
</head>
<body>
  <div class='ocr_page' id='page_1' title='image "./tractatusdepotes00wycl_0239.png"; bbox 0 0 2078 3338; ppageno 0'>
   <div class='ocr_carea' id='block_1_1' title="bbox 244 253 1856 303">
    <p class='ocr_par' dir='ltr' id='par_1_1' title="bbox 244 253 1856 303">
     <span class='ocr_line' id='line_1_1' title="bbox 244 253 1856 303; baseline 0.007 -12"><span class='ocrx_word' id='word_1_1' title='bbox 244 260 332 287; x_wconf 71' lang='lat' dir='ltr'>CAP.</span> <span class='ocrx_word' id='word_1_2' title='bbox 355 253 451 303; x_wconf 77' lang='lat' dir='ltr'>vm]</span> <span class='ocrx_word' id='word_1_3' title='bbox 636 263 695 295; x_wconf 80' lang='lat' dir='ltr'>DE</span> <span class='ocrx_word' id='word_1_4' title='bbox 723 263 1003 295; x_wconf 78' lang='lat' dir='ltr'>POTESTATE</span> <span class='ocrx_word' id='word_1_5' title='bbox 1035 264 1163 294; x_wconf 70' lang='lat' dir='ltr'>PAPE.</span> <span class='ocrx_word' id='word_1_6' title='bbox 1782 265 1856 303; x_wconf 92' lang='lat'>177</span> 
     </span>
    </p>
   </div>
   <div class='ocr_carea' id='block_1_2' title="bbox 126 367 1859 2511">
    <p class='ocr_par' dir='ltr' id='par_1_2' title="bbox 126 367 1859 2511">
     <span class='ocr_line' id='line_1_2' title="bbox 241 367 1565 421; baseline 0 -14"><span class='ocrx_word' id='word_1_7' title='bbox 241 380 426 420; x_wconf 75' lang='lat' dir='ltr'>papam,</span> <span class='ocrx_word' id='word_1_8' title='bbox 472 368 658 421; x_wconf 87' lang='lat' dir='ltr'>quando</span> <span class='ocrx_word' id='word_1_9' title='bbox 704 367 908 408; x_wconf 79' lang='lat' dir='ltr'>instituit</span> <span class='ocrx_word' id='word_1_10' title='bbox 941 368 1018 408; x_wconf 86' lang='lat' dir='ltr'>vel</span> <span class='ocrx_word' id='word_1_11' title='bbox 1056 372 1275 420; x_wconf 88' lang='lat' dir='ltr'>acceptat</span> <span class='ocrx_word' id='word_1_12' title='bbox 1312 379 1565 420; x_wconf 77' lang='lat' dir='ltr'>personam</span> 
     </span>
     <span class='ocr_line' id='line_1_3' title="bbox 243 435 1567 490; baseline -0.001 -14"><span class='ocrx_word' id='word_1_13' title='bbox 243 437 300 476; x_wconf 90' lang='lat' dir='ltr'>ad</span> <span class='ocrx_word' id='word_1_14' title='bbox 333 435 539 477; x_wconf 84' lang='lat' dir='ltr'>officium</span> <span class='ocrx_word' id='word_1_15' title='bbox 571 437 647 476; x_wconf 90' lang='lat' dir='ltr'>vel</span> <span class='ocrx_word' id='word_1_16' title='bbox 688 436 963 490; x_wconf 85' lang='lat' dir='ltr'>dignitatern</span> <span class='ocrx_word' id='word_1_17' title='bbox 995 437 1254 485; x_wconf 73' lang='lat' dir='ltr'>humanam,</span> <span class='ocrx_word' id='word_1_18' title='bbox 1294 450 1432 489; x_wconf 89' lang='lat' dir='ltr'>quam</span> <span class='ocrx_word' id='word_1_19' title='bbox 1464 449 1567 489; x_wconf 90' lang='lat' dir='ltr'>per-</span> 
     </span>
     <span class='ocr_line' id='line_1_4' title="bbox 244 505 1565 560; baseline -0.002 -13"><span class='ocrx_word' id='word_1_20' title='bbox 244 520 404 548; x_wconf 80' lang='lat' dir='ltr'>sonam</span> <span class='ocrx_word' id='word_1_21' title='bbox 436 506 570 547; x_wconf 88' lang='lat' dir='ltr'>Deus</span> <span class='ocrx_word' id='word_1_22' title='bbox 604 506 735 560; x_wconf 78' lang='lat' dir='ltr'>eligit</span> <span class='ocrx_word' id='word_1_23' title='bbox 766 507 824 546; x_wconf 89' lang='lat' dir='ltr'>ad</span> <span class='ocrx_word' id='word_1_24' title='bbox 857 505 1251 559; x_wconf 86' lang='lat' dir='ltr'>preeminenciam</span> <span class='ocrx_word' id='word_1_25' title='bbox 1292 505 1565 553; x_wconf 77' lang='lat' dir='ltr'>sanctitatis,</span> 
     </span>
     <span class='ocr_line' id='line_1_5' title="bbox 243 570 1569 628; baseline -0.002 -12"><span class='ocrx_word' id='word_1_26' title='bbox 243 576 381 627; x_wconf 83' lang='lat' dir='ltr'>unde,</span> <span class='ocrx_word' id='word_1_27' title='bbox 416 589 518 615; x_wconf 88' lang='lat' dir='ltr'>cum</span> <span class='ocrx_word' id='word_1_28' title='bbox 552 575 783 628; x_wconf 88' lang='lat' dir='ltr'>scriptura</span> <span class='ocrx_word' id='word_1_29' title='bbox 804 574 1001 615; x_wconf 86' lang='lat' dir='ltr'>Deutro.</span> <span class='ocrx_word' id='word_1_30' title='bbox 1025 574 1214 627; x_wconf 87' lang='lat' dir='ltr'>XXVI,</span> <span class='ocrx_word' id='word_1_31' title='bbox 1244 589 1289 627; x_wconf 90' lang='lat'>17</span> <span class='ocrx_word' id='word_1_32' title='bbox 1326 570 1569 628; x_wconf 80' lang='lat' dir='ltr'>signanter</span> 
     </span>
     <span class='ocr_line' id='line_1_6' title="bbox 211 644 1824 698; baseline -0.002 -13"><span class='ocrx_word' id='word_1_33' title='bbox 211 649 227 681; x_wconf 86' lang='lat'><strong>5</strong></span> <span class='ocrx_word' id='word_1_34' title='bbox 245 645 374 685; x_wconf 88' lang='lat' dir='ltr'>dicit:</span> <span class='ocrx_word' id='word_1_35' title='bbox 407 645 661 685; x_wconf 75' lang='lat' dir='ltr'>Dominum</span> <span class='ocrx_word' id='word_1_36' title='bbox 684 645 856 697; x_wconf 76' lang='lat' dir='ltr'>elegisti</span> <span class='ocrx_word' id='word_1_37' title='bbox 876 645 1020 697; x_wconf 75' lang='lat' dir='ltr'>hodie,</span> <span class='ocrx_word' id='word_1_38' title='bbox 1054 649 1188 697; x_wconf 91' lang='lat' dir='ltr'>patet</span> <span class='ocrx_word' id='word_1_39' title='bbox 1210 645 1338 697; x_wconf 90' lang='lat' dir='ltr'>quod</span> <span class='ocrx_word' id='word_1_40' title='bbox 1368 644 1568 698; x_wconf 89' lang='lat' dir='ltr'>quedam</span> <span class='ocrx_word' id='word_1_41' title='bbox 1622 654 1670 681; x_wconf 87' lang='lat' dir='ltr'>An</span> <span class='ocrx_word' id='word_1_42' title='bbox 1695 654 1824 693; x_wconf 43' lang='lat' dir='ltr'>eleemon</span> 
     </span>
     <span class='ocr_line' id='line_1_7' title="bbox 245 697 1815 785; baseline -0.003 -31"><span class='ocrx_word' id='word_1_43' title='bbox 245 714 423 755; x_wconf 82' lang='lat' dir='ltr'>eleccio</span> <span class='ocrx_word' id='word_1_44' title='bbox 458 719 531 755; x_wconf 88' lang='lat' dir='ltr'>est</span> <span class='ocrx_word' id='word_1_45' title='bbox 560 714 801 755; x_wconf 91' lang='lat' dir='ltr'>institucio</span> <span class='ocrx_word' id='word_1_46' title='bbox 831 715 909 754; x_wconf 85' lang='lat' dir='ltr'>vel</span> <span class='ocrx_word' id='word_1_47' title='bbox 942 715 1143 767; x_wconf 89' lang='lat' dir='ltr'>quedam</span> <span class='ocrx_word' id='word_1_48' title='bbox 1176 713 1341 765; x_wconf 79' lang='lat' dir='ltr'>saccio,</span> <span class='ocrx_word' id='word_1_49' title='bbox 1376 719 1423 753; x_wconf 91' lang='lat' dir='ltr'>et</span> <span class='ocrx_word' id='word_1_50' title='bbox 1455 727 1600 785; x_wconf 83' lang='lat' dir='ltr'>que-b</span> <span class='ocrx_word' id='word_1_51' title='bbox 1631 697 1815 763; x_wconf 54' lang='grc' dir='ltr'>εὲἓὲἒῖζῗᾷε</span> 
     </span>
     <span class='ocr_line' id='line_1_8' title="bbox 244 759 1859 837; baseline 0.001 -13"><span class='ocrx_word' id='word_1_52' title='bbox 244 785 348 824; x_wconf 84' lang='lat' dir='ltr'>dam</span> <span class='ocrx_word' id='word_1_53' title='bbox 382 784 559 824; x_wconf 87' lang='lat' dir='ltr'>eleccio</span> <span class='ocrx_word' id='word_1_54' title='bbox 602 789 674 825; x_wconf 91' lang='lat' dir='ltr'>est</span> <span class='ocrx_word' id='word_1_55' title='bbox 710 783 1003 837; x_wconf 88' lang='lat' dir='ltr'>acceptacio;</span> <span class='ocrx_word' id='word_1_56' title='bbox 1049 789 1096 824; x_wconf 93' lang='lat' dir='ltr'>et</span> <span class='ocrx_word' id='word_1_57' title='bbox 1137 797 1226 837; x_wconf 89' lang='lat' dir='ltr'>per</span> <span class='ocrx_word' id='word_1_58' title='bbox 1270 797 1569 837; x_wconf 88' lang='lat' dir='ltr'>consequens</span> <span class='ocrx_word' id='word_1_59' title='bbox 1605 759 1859 794; x_wconf 51' lang='lat' dir='ltr'>ythesumffls&#39;</span> 
     </span>
     <span class='ocr_line' id='line_1_9' title="bbox 245 853 1568 907; baseline -0.001 -13"><span class='ocrx_word' id='word_1_60' title='bbox 245 859 437 907; x_wconf 85' lang='lat' dir='ltr'>oportet</span> <span class='ocrx_word' id='word_1_61' title='bbox 487 859 651 907; x_wconf 90' lang='lat' dir='ltr'>preter</span> <span class='ocrx_word' id='word_1_62' title='bbox 710 853 1000 894; x_wconf 88' lang='lat' dir='ltr'>eleccionem</span> <span class='ocrx_word' id='word_1_63' title='bbox 1056 853 1409 894; x_wconf 84' lang='lat' dir='ltr'>instituencium</span> <span class='ocrx_word' id='word_1_64' title='bbox 1463 867 1568 894; x_wconf 89' lang='lat' dir='ltr'>esse</span> 
     </span>
     <span class='ocr_line' id='line_1_10' title="bbox 246 922 1568 977; baseline 0 -14"><span class='ocrx_word' id='word_1_65' title='bbox 246 923 535 963; x_wconf 88' lang='lat' dir='ltr'>eleccionem</span> <span class='ocrx_word' id='word_1_66' title='bbox 576 923 866 977; x_wconf 87' lang='lat' dir='ltr'>equivocam,</span> <span class='ocrx_word' id='word_1_67' title='bbox 907 937 998 977; x_wconf 91' lang='lat' dir='ltr'>que</span> <span class='ocrx_word' id='word_1_68' title='bbox 1037 923 1097 964; x_wconf 90' lang='lat' dir='ltr'>sit</span> <span class='ocrx_word' id='word_1_69' title='bbox 1134 922 1427 976; x_wconf 88' lang='lat' dir='ltr'>approbacio</span> <span class='ocrx_word' id='word_1_70' title='bbox 1464 925 1568 964; x_wconf 87' lang='lat' dir='ltr'>sub-</span> 
     </span>
     <span class='ocr_line' id='line_1_11' title="bbox 189 992 1568 1046; baseline 0 -14"><span class='ocrx_word' id='word_1_71' title='bbox 189 1005 230 1028; x_wconf 91' lang='lat'>10</span> <span class='ocrx_word' id='word_1_72' title='bbox 246 992 459 1034; x_wconf 86' lang='lat' dir='ltr'>ditorum.</span> <span class='ocrx_word' id='word_1_73' title='bbox 483 992 561 1035; x_wconf 86' lang='lat' dir='ltr'>Sic</span> <span class='ocrx_word' id='word_1_74' title='bbox 579 993 701 1033; x_wconf 89' lang='lat' dir='ltr'>enim</span> <span class='ocrx_word' id='word_1_75' title='bbox 723 993 932 1046; x_wconf 87' lang='lat' dir='ltr'>populus</span> <span class='ocrx_word' id='word_1_76' title='bbox 956 992 1088 1046; x_wconf 81' lang='lat' dir='ltr'>eligit</span> <span class='ocrx_word' id='word_1_77' title='bbox 1110 993 1359 1045; x_wconf 85' lang='lat' dir='ltr'>dominum,</span> <span class='ocrx_word' id='word_1_78' title='bbox 1381 993 1568 1046; x_wconf 88' lang='lat' dir='ltr'>quando</span> 
     </span>
     <span class='ocr_line' id='line_1_12' title="bbox 246 1061 1568 1116; baseline 0.001 -15"><span class='ocrx_word' id='word_1_79' title='bbox 246 1061 556 1103; x_wconf 86' lang='lat' dir='ltr'>effectualiter</span> <span class='ocrx_word' id='word_1_80' title='bbox 589 1067 821 1116; x_wconf 81' lang='lat' dir='ltr'>acceptat,</span> <span class='ocrx_word' id='word_1_81' title='bbox 855 1062 984 1116; x_wconf 87' lang='lat' dir='ltr'>quod</span> <span class='ocrx_word' id='word_1_82' title='bbox 1014 1062 1093 1102; x_wconf 92' lang='lat' dir='ltr'>ille</span> <span class='ocrx_word' id='word_1_83' title='bbox 1126 1062 1187 1103; x_wconf 88' lang='lat' dir='ltr'>sit</span> <span class='ocrx_word' id='word_1_84' title='bbox 1219 1062 1433 1103; x_wconf 86' lang='lat' dir='ltr'>dominus</span> <span class='ocrx_word' id='word_1_85' title='bbox 1457 1075 1568 1103; x_wconf 88' lang='lat' dir='ltr'>suus</span> 
     </span>
     <span class='ocr_line' id='line_1_13' title="bbox 247 1131 1568 1184; baseline 0 -13"><span class='ocrx_word' id='word_1_86' title='bbox 247 1137 294 1172; x_wconf 87' lang='lat' dir='ltr'>et</span> <span class='ocrx_word' id='word_1_87' title='bbox 332 1132 539 1184; x_wconf 87' lang='lat' dir='ltr'>spondet</span> <span class='ocrx_word' id='word_1_88' title='bbox 575 1131 780 1172; x_wconf 89' lang='lat' dir='ltr'>fideliter</span> <span class='ocrx_word' id='word_1_89' title='bbox 817 1145 869 1172; x_wconf 90' lang='lat' dir='ltr'>se</span> <span class='ocrx_word' id='word_1_90' title='bbox 904 1145 1010 1172; x_wconf 86' lang='lat' dir='ltr'>esse</span> <span class='ocrx_word' id='word_1_91' title='bbox 1050 1131 1140 1172; x_wconf 87' lang='lat' dir='ltr'>sibi</span> <span class='ocrx_word' id='word_1_92' title='bbox 1173 1137 1225 1172; x_wconf 82' lang='lat' dir='ltr'>ut</span> <span class='ocrx_word' id='word_1_93' title='bbox 1257 1131 1443 1171; x_wconf 90' lang='lat' dir='ltr'>domino</span> <span class='ocrx_word' id='word_1_94' title='bbox 1477 1145 1568 1172; x_wconf 89' lang='lat' dir='ltr'>ser-</span> 
     </span>
     <span class='ocr_line' id='line_1_14' title="bbox 244 1201 1570 1254; baseline 0 -13"><span class='ocrx_word' id='word_1_95' title='bbox 244 1201 460 1242; x_wconf 88' lang='lat' dir='ltr'>viturum.</span> <span class='ocrx_word' id='word_1_96' title='bbox 512 1202 651 1241; x_wconf 89' lang='lat' dir='ltr'>Unde</span> <span class='ocrx_word' id='word_1_97' title='bbox 698 1202 886 1254; x_wconf 84' lang='lat' dir='ltr'>quando</span> <span class='ocrx_word' id='word_1_98' title='bbox 933 1201 1239 1243; x_wconf 88' lang='lat' dir='ltr'>successione</span> <span class='ocrx_word' id='word_1_99' title='bbox 1285 1201 1570 1241; x_wconf 86' lang='lat' dir='ltr'>hereditaria</span> 
     </span>
     <span class='ocr_line' id='line_1_15' title="bbox 244 1270 1569 1322; baseline -0.001 -10"><span class='ocrx_word' id='word_1_100' title='bbox 244 1271 376 1312; x_wconf 83' lang='lat' dir='ltr'>vadit</span> <span class='ocrx_word' id='word_1_101' title='bbox 399 1270 667 1322; x_wconf 85' lang='lat' dir='ltr'>dominium,</span> <span class='ocrx_word' id='word_1_102' title='bbox 692 1271 844 1311; x_wconf 85' lang='lat' dir='ltr'>adhuc</span> <span class='ocrx_word' id='word_1_103' title='bbox 868 1276 941 1312; x_wconf 90' lang='lat' dir='ltr'>est</span> <span class='ocrx_word' id='word_1_104' title='bbox 955 1271 1043 1311; x_wconf 89' lang='lat' dir='ltr'>alia</span> <span class='ocrx_word' id='word_1_105' title='bbox 1059 1270 1237 1311; x_wconf 86' lang='lat' dir='ltr'>eleccio</span> <span class='ocrx_word' id='word_1_106' title='bbox 1255 1271 1569 1321; x_wconf 79' lang='lat' dir='ltr'>subditorum3</span> 
     </span>
     <span class='ocr_line' id='line_1_16' title="bbox 191 1341 1568 1395; baseline -0.001 -13"><span class='ocrx_word' id='word_1_107' title='bbox 191 1345 227 1376; x_wconf 86' lang='lat'>15</span> <span class='ocrx_word' id='word_1_108' title='bbox 243 1342 300 1382; x_wconf 89' lang='lat' dir='ltr'>ad</span> <span class='ocrx_word' id='word_1_109' title='bbox 335 1341 464 1395; x_wconf 91' lang='lat' dir='ltr'>quod</span> <span class='ocrx_word' id='word_1_110' title='bbox 496 1346 690 1394; x_wconf 84' lang='lat' dir='ltr'>oportet</span> <span class='ocrx_word' id='word_1_111' title='bbox 721 1354 913 1381; x_wconf 85' lang='lat' dir='ltr'>movere</span> <span class='ocrx_word' id='word_1_112' title='bbox 935 1341 1079 1382; x_wconf 87' lang='lat' dir='ltr'>vitam</span> <span class='ocrx_word' id='word_1_113' title='bbox 1113 1347 1161 1381; x_wconf 90' lang='lat' dir='ltr'>et</span> <span class='ocrx_word' id='word_1_114' title='bbox 1191 1355 1347 1382; x_wconf 90' lang='lat' dir='ltr'>mores</span> <span class='ocrx_word' id='word_1_115' title='bbox 1369 1341 1415 1381; x_wconf 90' lang='lat' dir='ltr'>in</span> <span class='ocrx_word' id='word_1_116' title='bbox 1438 1341 1568 1394; x_wconf 88' lang='lat' dir='ltr'>spiri-</span> 
     </span>
     <span class='ocr_line' id='line_1_17' title="bbox 244 1410 1571 1464; baseline -0.001 -12"><span class='ocrx_word' id='word_1_117' title='bbox 244 1410 356 1452; x_wconf 86' lang='lat' dir='ltr'>tuali</span> <span class='ocrx_word' id='word_1_118' title='bbox 376 1410 638 1464; x_wconf 89' lang='lat' dir='ltr'>preposito,</span> <span class='ocrx_word' id='word_1_119' title='bbox 667 1416 714 1451; x_wconf 87' lang='lat' dir='ltr'>et</span> <span class='ocrx_word' id='word_1_120' title='bbox 745 1410 881 1451; x_wconf 84' lang='lat' dir='ltr'>aliter</span> <span class='ocrx_word' id='word_1_121' title='bbox 902 1417 976 1452; x_wconf 89' lang='lat' dir='ltr'>est</span> <span class='ocrx_word' id='word_1_122' title='bbox 997 1411 1245 1452; x_wconf 85' lang='lat' dir='ltr'>intrusoris</span> <span class='ocrx_word' id='word_1_123' title='bbox 1272 1416 1571 1452; x_wconf 88' lang='lat' dir='ltr'>monstruosa</span> 
     </span>
     <span class='ocr_line' id='line_1_18' title="bbox 246 1479 1569 1534; baseline 0 -13"><span class='ocrx_word' id='word_1_124' title='bbox 246 1479 468 1521; x_wconf 79' lang='lat' dir='ltr'>extorsio.</span> <span class='ocrx_word' id='word_1_125' title='bbox 501 1479 562 1519; x_wconf 87' lang='lat' dir='ltr'>Et</span> <span class='ocrx_word' id='word_1_126' title='bbox 593 1485 727 1533; x_wconf 86' lang='lat' dir='ltr'>patet</span> <span class='ocrx_word' id='word_1_127' title='bbox 759 1481 888 1534; x_wconf 88' lang='lat' dir='ltr'>quod</span> <span class='ocrx_word' id='word_1_128' title='bbox 921 1481 1066 1521; x_wconf 90' lang='lat' dir='ltr'>debet</span> <span class='ocrx_word' id='word_1_129' title='bbox 1100 1494 1206 1522; x_wconf 86' lang='lat' dir='ltr'>esse</span> <span class='ocrx_word' id='word_1_130' title='bbox 1230 1495 1356 1534; x_wconf 87' lang='lat' dir='ltr'>pape</span> <span class='ocrx_word' id='word_1_131' title='bbox 1391 1482 1569 1534; x_wconf 78' lang='lat' dir='ltr'>duplex</span> 
     </span>
     <span class='ocr_line' id='line_1_19' title="bbox 245 1549 1571 1604; baseline 0.002 -15"><span class='ocrx_word' id='word_1_132' title='bbox 245 1549 437 1602; x_wconf 86' lang='lat' dir='ltr'>eleccio,</span> <span class='ocrx_word' id='word_1_133' title='bbox 475 1563 567 1590; x_wconf 90' lang='lat' dir='ltr'>una</span> <span class='ocrx_word' id='word_1_134' title='bbox 597 1550 797 1590; x_wconf 89' lang='lat' dir='ltr'>humana</span> <span class='ocrx_word' id='word_1_135' title='bbox 826 1550 874 1590; x_wconf 90' lang='lat' dir='ltr'>in</span> <span class='ocrx_word' id='word_1_136' title='bbox 907 1550 1175 1590; x_wconf 86' lang='lat' dir='ltr'>Romanum</span> <span class='ocrx_word' id='word_1_137' title='bbox 1210 1550 1488 1604; x_wconf 86' lang='lat' dir='ltr'>episcopum</span> <span class='ocrx_word' id='word_1_138' title='bbox 1523 1557 1571 1591; x_wconf 87' lang='lat' dir='ltr'>et</span> 
     </span>
     <span class='ocr_line' id='line_1_20' title="bbox 243 1618 1566 1674; baseline 0.001 -14"><span class='ocrx_word' id='word_1_139' title='bbox 243 1619 332 1660; x_wconf 89' lang='lat' dir='ltr'>alia</span> <span class='ocrx_word' id='word_1_140' title='bbox 373 1633 491 1672; x_wconf 87' lang='lat' dir='ltr'>pure</span> <span class='ocrx_word' id='word_1_141' title='bbox 538 1618 694 1659; x_wconf 89' lang='lat' dir='ltr'>divina</span> <span class='ocrx_word' id='word_1_142' title='bbox 736 1619 783 1659; x_wconf 94' lang='lat' dir='ltr'>in</span> <span class='ocrx_word' id='word_1_143' title='bbox 827 1633 996 1673; x_wconf 89' lang='lat' dir='ltr'>papam</span> <span class='ocrx_word' id='word_1_144' title='bbox 1028 1621 1107 1660; x_wconf 88' lang='lat' dir='ltr'>vel</span> <span class='ocrx_word' id='word_1_145' title='bbox 1152 1634 1379 1661; x_wconf 87' lang='lat' dir='ltr'>summum</span> <span class='ocrx_word' id='word_1_146' title='bbox 1411 1621 1566 1674; x_wconf 88' lang='lat' dir='ltr'>ponti-</span> 
     </span>
     <span class='ocr_line' id='line_1_21' title="bbox 126 1689 1568 1745; baseline 0.003 -18"><span class='ocrx_word' id='word_1_147' title='bbox 126 1693 207 1728; x_wconf 77' lang='lat'>205¹³</span> <span class='ocrx_word' id='word_1_148' title='bbox 244 1690 400 1740; x_wconf 78' lang='lat' dir='ltr'>ficem3</span> <span class='ocrx_word' id='word_1_149' title='bbox 436 1703 526 1743; x_wconf 86' lang='lat' dir='ltr'>qua</span> <span class='ocrx_word' id='word_1_150' title='bbox 547 1689 799 1730; x_wconf 84' lang='lat' dir='ltr'>deficiente</span> <span class='ocrx_word' id='word_1_151' title='bbox 822 1690 1068 1730; x_wconf 85' lang='lat' dir='ltr'>Romanus</span> <span class='ocrx_word' id='word_1_152' title='bbox 1093 1690 1315 1743; x_wconf 81' lang='lat' dir='ltr'>pontifex</span> <span class='ocrx_word' id='word_1_153' title='bbox 1343 1689 1347 1745; x_wconf 88' lang='grc' dir='ltr'>Ι</span> <span class='ocrx_word' id='word_1_154' title='bbox 1376 1704 1471 1731; x_wconf 87' lang='lat' dir='ltr'>non</span> <span class='ocrx_word' id='word_1_155' title='bbox 1495 1696 1568 1731; x_wconf 88' lang='lat' dir='ltr'>est</span> 
     </span>
     <span class='ocr_line' id='line_1_22' title="bbox 244 1755 1832 1825; baseline 0.001 -25"><span class='ocrx_word' id='word_1_156' title='bbox 244 1774 369 1813; x_wconf 89' lang='lat' dir='ltr'>papa</span> <span class='ocrx_word' id='word_1_157' title='bbox 414 1759 497 1799; x_wconf 93' lang='lat' dir='ltr'>sed</span> <span class='ocrx_word' id='word_1_158' title='bbox 542 1773 661 1799; x_wconf 89' lang='lat' dir='ltr'>unus</span> <span class='ocrx_word' id='word_1_159' title='bbox 705 1759 823 1800; x_wconf 89' lang='lat' dir='ltr'>alius</span> <span class='ocrx_word' id='word_1_160' title='bbox 867 1760 1039 1800; x_wconf 84' lang='lat' dir='ltr'>mundo</span> <span class='ocrx_word' id='word_1_161' title='bbox 1082 1760 1404 1801; x_wconf 83' lang='lat' dir='ltr'>absconditus.</span> <span class='ocrx_word' id='word_1_162' title='bbox 1469 1760 1567 1801; x_wconf 84' lang='lat' dir='ltr'>Sed</span> <span class='ocrx_word' id='word_1_163' title='bbox 1608 1755 1709 1825; x_wconf 43' lang='grc' dir='ltr'><strong>Οΐῖἐξξ</strong></span> <span class='ocrx_word' id='word_1_164' title='bbox 1727 1759 1832 1817; x_wconf 54' lang='grc' dir='ltr'>ξξξῗὴε</span> 
     </span>
     <span class='ocr_line' id='line_1_23' title="bbox 246 1825 1834 1879; baseline 0.001 -10"><span class='ocrx_word' id='word_1_165' title='bbox 246 1842 349 1869; x_wconf 89' lang='lat' dir='ltr'>cum</span> <span class='ocrx_word' id='word_1_166' title='bbox 372 1833 470 1870; x_wconf 87' lang='lat' dir='ltr'>tres</span> <span class='ocrx_word' id='word_1_167' title='bbox 492 1828 717 1870; x_wconf 85' lang='lat' dir='ltr'>ficciones</span> <span class='ocrx_word' id='word_1_168' title='bbox 740 1842 835 1868; x_wconf 90' lang='lat' dir='ltr'>non</span> <span class='ocrx_word' id='word_1_169' title='bbox 859 1828 1110 1879; x_wconf 88' lang='lat' dir='ltr'>sufficiunt,</span> <span class='ocrx_word' id='word_1_170' title='bbox 1131 1835 1343 1870; x_wconf 88' lang='lat' dir='ltr'>remanet</span> <span class='ocrx_word' id='word_1_171' title='bbox 1360 1830 1564 1879; x_wconf 88' lang='lat' dir='ltr'>dubium,</span> <span class='ocrx_word' id='word_1_172' title='bbox 1608 1833 1699 1852; x_wconf 83' lang='lat' dir='ltr'>name</span> <span class='ocrx_word' id='word_1_173' title='bbox 1718 1825 1834 1861; x_wconf 59' lang='lat'>‘9⁰9³&#39;-</span> 
     </span>
     <span class='ocr_line' id='line_1_24' title="bbox 245 1898 1568 1953; baseline 0.002 -15"><span class='ocrx_word' id='word_1_174' title='bbox 245 1899 484 1952; x_wconf 89' lang='lat' dir='ltr'>quomodo</span> <span class='ocrx_word' id='word_1_175' title='bbox 518 1898 642 1938; x_wconf 89' lang='lat' dir='ltr'>dicta</span> <span class='ocrx_word' id='word_1_176' title='bbox 675 1899 767 1939; x_wconf 91' lang='lat' dir='ltr'>duo</span> <span class='ocrx_word' id='word_1_177' title='bbox 791 1898 980 1939; x_wconf 88' lang='lat' dir='ltr'>nomina</span> <span class='ocrx_word' id='word_1_178' title='bbox 1003 1905 1113 1939; x_wconf 85' lang='lat' dir='ltr'>sunt</span> <span class='ocrx_word' id='word_1_179' title='bbox 1136 1913 1365 1940; x_wconf 87' lang='lat' dir='ltr'>connexa.</span> <span class='ocrx_word' id='word_1_180' title='bbox 1397 1899 1452 1940; x_wconf 86' lang='lat' dir='ltr'>In</span> <span class='ocrx_word' id='word_1_181' title='bbox 1477 1915 1568 1953; x_wconf 88' lang='lat' dir='ltr'>qua</span> 
     </span>
     <span class='ocr_line' id='line_1_25' title="bbox 243 1967 1568 2010; baseline 0.002 -3"><span class='ocrx_word' id='word_1_182' title='bbox 243 1967 437 2008; x_wconf 89' lang='lat' dir='ltr'>materia</span> <span class='ocrx_word' id='word_1_183' title='bbox 487 1969 775 2008; x_wconf 89' lang='lat' dir='ltr'>credendum</span> <span class='ocrx_word' id='word_1_184' title='bbox 827 1973 900 2008; x_wconf 87' lang='lat' dir='ltr'>est</span> <span class='ocrx_word' id='word_1_185' title='bbox 952 1968 1163 2009; x_wconf 72' lang='lat' dir='ltr'>cronicis,</span> <span class='ocrx_word' id='word_1_186' title='bbox 1226 1969 1395 2009; x_wconf 80' lang='lat' dir='ltr'>Narrat</span> <span class='ocrx_word' id='word_1_187' title='bbox 1447 1970 1568 2010; x_wconf 89' lang='lat' dir='ltr'>enim</span> 
     </span>
     <span class='ocr_line' id='line_1_26' title="bbox 188 2037 1568 2092; baseline 0.003 -17"><span class='ocrx_word' id='word_1_188' title='bbox 188 2037 511 2079; x_wconf 78' lang='lat' dir='ltr'>25Cestrensis</span> <span class='ocrx_word' id='word_1_189' title='bbox 543 2038 664 2078; x_wconf 85' lang='lat' dir='ltr'>libro</span> <span class='ocrx_word' id='word_1_190' title='bbox 697 2038 780 2090; x_wconf 77' lang='lat' dir='ltr'>IV,</span> <span class='ocrx_word' id='word_1_191' title='bbox 815 2052 914 2091; x_wconf 91' lang='lat' dir='ltr'>cap.</span> <span class='ocrx_word' id='word_1_192' title='bbox 937 2038 1178 2085; x_wconf 80' lang='lat' dir='ltr'>XXXVI,</span> <span class='ocrx_word' id='word_1_193' title='bbox 1213 2040 1452 2092; x_wconf 90' lang='lat' dir='ltr'>quomodo</span> <span class='ocrx_word' id='word_1_194' title='bbox 1488 2054 1568 2079; x_wconf 93' lang='lat' dir='ltr'>ex-</span> 
     </span>
     <span class='ocr_line' id='line_1_27' title="bbox 245 2107 1570 2162; baseline 0.002 -15"><span class='ocrx_word' id='word_1_195' title='bbox 245 2107 471 2148; x_wconf 84' lang='lat' dir='ltr'>cellencia</span> <span class='ocrx_word' id='word_1_196' title='bbox 499 2107 707 2148; x_wconf 82' lang='lat' dir='ltr'>Romani</span> <span class='ocrx_word' id='word_1_197' title='bbox 737 2107 921 2161; x_wconf 86' lang='lat' dir='ltr'>imperii</span> <span class='ocrx_word' id='word_1_198' title='bbox 957 2107 1197 2148; x_wconf 81' lang='lat' dir='ltr'>adinvenit</span> <span class='ocrx_word' id='word_1_199' title='bbox 1229 2115 1453 2162; x_wconf 85' lang='lat' dir='ltr'>papatum</span> <span class='ocrx_word' id='word_1_200' title='bbox 1499 2109 1570 2151; x_wconf 89' lang='lat' dir='ltr'>sui</span> 
     </span>
     <span class='ocr_line' id='line_1_28' title="bbox 243 2176 1570 2231; baseline 0.002 -14"><span class='ocrx_word' id='word_1_201' title='bbox 243 2176 483 2230; x_wconf 85' lang='lat' dir='ltr'>pontificis</span> <span class='ocrx_word' id='word_1_202' title='bbox 506 2191 650 2230; x_wconf 85' lang='lat' dir='ltr'>super</span> <span class='ocrx_word' id='word_1_203' title='bbox 678 2176 812 2217; x_wconf 87' lang='lat' dir='ltr'>alios:</span> <span class='ocrx_word' id='word_1_204' title='bbox 847 2177 1041 2228; x_wconf 73' lang='lat' dir='ltr'>Nycencz,</span> <span class='ocrx_word' id='word_1_205' title='bbox 1072 2177 1234 2231; x_wconf 85' lang='lat' dir='ltr'>inquit,</span> <span class='ocrx_word' id='word_1_206' title='bbox 1265 2180 1465 2229; x_wconf 77' lang='lat' dir='ltr'>synodus</span> <span class='ocrx_word' id='word_1_207' title='bbox 1491 2181 1570 2219; x_wconf 79' lang='lat' dir='ltr'>hoc</span> 
     </span>
     <span class='ocr_line' id='line_1_29' title="bbox 244 2248 1570 2301; baseline 0.002 -14"><span class='ocrx_word' id='word_1_208' title='bbox 244 2248 427 2287; x_wconf 74' lang='lat' dir='ltr'>contulit</span> <span class='ocrx_word' id='word_1_209' title='bbox 472 2249 771 2300; x_wconf 67' lang='lat' dir='ltr'>privilegimn</span> <span class='ocrx_word' id='word_1_210' title='bbox 821 2248 1031 2288; x_wconf 77' lang='lat' dir='ltr'>Romano</span> <span class='ocrx_word' id='word_1_211' title='bbox 1078 2249 1300 2301; x_wconf 75' lang='lat' dir='ltr'>pontifici,</span> <span class='ocrx_word' id='word_1_212' title='bbox 1356 2252 1406 2289; x_wconf 77' lang='lat' dir='ltr'>ut</span> <span class='ocrx_word' id='word_1_213' title='bbox 1455 2250 1570 2289; x_wconf 73' lang='lat' dir='ltr'>sicut</span> 
     </span>
     <span class='ocr_line' id='line_1_30' title="bbox 242 2317 1569 2372; baseline 0.002 -15"><span class='ocrx_word' id='word_1_214' title='bbox 242 2317 478 2370; x_wconf 70' lang='lat' dir='ltr'>Augustus</span> <span class='ocrx_word' id='word_1_215' title='bbox 512 2331 600 2371; x_wconf 77' lang='lat' dir='ltr'>pre</span> <span class='ocrx_word' id='word_1_216' title='bbox 645 2319 802 2358; x_wconf 74' lang='lat' dir='ltr'>ceteris</span> <span class='ocrx_word' id='word_1_217' title='bbox 845 2319 1041 2371; x_wconf 77' lang='lat' dir='ltr'>regibus,</span> <span class='ocrx_word' id='word_1_218' title='bbox 1095 2320 1158 2358; x_wconf 75' lang='lat' dir='ltr'>ila</span> <span class='ocrx_word' id='word_1_219' title='bbox 1205 2318 1446 2360; x_wconf 70' lang='lat' dir='ltr'>Romanus</span> <span class='ocrx_word' id='word_1_220' title='bbox 1486 2333 1569 2372; x_wconf 74' lang='lat' dir='ltr'>pre</span> 
     </span>
     <span class='ocr_line' id='line_1_31' title="bbox 188 2388 1569 2442; baseline 0.001 -15"><span class='ocrx_word' id='word_1_221' title='bbox 188 2394 230 2426; x_wconf 77' lang='lat'>30</span> <span class='ocrx_word' id='word_1_222' title='bbox 244 2389 401 2428; x_wconf 68' lang='lat' dir='ltr'>celeris</span> <span class='ocrx_word' id='word_1_223' title='bbox 442 2388 642 2440; x_wconf 48' lang='lat' dir='ltr'>pontifex</span> <span class='ocrx_word' id='word_1_224' title='bbox 682 2388 924 2428; x_wconf 69' lang='lat' dir='ltr'>haberetur</span> <span class='ocrx_word' id='word_1_225' title='bbox 967 2389 1188 2441; x_wconf 74' lang='lat' dir='ltr'>episcopis</span> <span class='ocrx_word' id='word_1_226' title='bbox 1220 2392 1258 2428; x_wconf 79' lang='lat' dir='ltr'>et</span> <span class='ocrx_word' id='word_1_227' title='bbox 1289 2402 1422 2442; x_wconf 77' lang='lat' dir='ltr'>papa</span> <span class='ocrx_word' id='word_1_228' title='bbox 1452 2390 1569 2429; x_wconf 71' lang='lat' dir='ltr'>velut</span> 
     </span>
     <span class='ocr_line' id='line_1_32' title="bbox 237 2456 1568 2511; baseline 0.002 -14"><span class='ocrx_word' id='word_1_229' title='bbox 237 2458 517 2510; x_wconf 78' lang='lat' dir='ltr'>principalis</span> <span class='ocrx_word' id='word_1_230' title='bbox 554 2461 691 2511; x_wconf 76' lang='lat' dir='ltr'>pater</span> <span class='ocrx_word' id='word_1_231' title='bbox 732 2461 983 2498; x_wconf 60' lang='lat' dir='ltr'>vocaremur.</span> <span class='ocrx_word' id='word_1_232' title='bbox 1038 2456 1187 2510; x_wconf 90' lang='lat' dir='ltr'>Origo</span> <span class='ocrx_word' id='word_1_233' title='bbox 1234 2464 1387 2499; x_wconf 89' lang='lat' dir='ltr'>autem</span> <span class='ocrx_word' id='word_1_234' title='bbox 1433 2459 1568 2500; x_wconf 84' lang='lat' dir='ltr'>istius</span> 
     </span>
    </p>
   </div>
   <div class='ocr_carea' id='block_1_3' title="bbox 244 2526 1568 2581">
    <p class='ocr_par' dir='ltr' id='par_1_3' title="bbox 244 2526 1568 2581">
     <span class='ocr_line' id='line_1_33' title="bbox 244 2526 1568 2581; baseline 0.001 -14"><span class='ocrx_word' id='word_1_235' title='bbox 244 2526 447 2568; x_wconf 78' lang='lat' dir='ltr'>nominis</span> <span class='ocrx_word' id='word_1_236' title='bbox 482 2532 530 2567; x_wconf 92' lang='lat' dir='ltr'>et</span> <span class='ocrx_word' id='word_1_237' title='bbox 562 2527 853 2568; x_wconf 88' lang='lat' dir='ltr'>excellencie</span> <span class='ocrx_word' id='word_1_238' title='bbox 877 2527 967 2568; x_wconf 86' lang='lat' dir='ltr'>fuit</span> <span class='ocrx_word' id='word_1_239' title='bbox 996 2528 1044 2568; x_wconf 87' lang='lat' dir='ltr'>in</span> <span class='ocrx_word' id='word_1_240' title='bbox 1068 2527 1318 2568; x_wconf 89' lang='lat' dir='ltr'>dotacione</span> <span class='ocrx_word' id='word_1_241' title='bbox 1352 2528 1568 2581; x_wconf 74' lang='lat' dir='ltr'>ecclesie,</span> 
     </span>
    </p>
   </div>
   <div class='ocr_carea' id='block_1_4' title="bbox 246 2656 1568 2793">
    <p class='ocr_par' dir='ltr' id='par_1_4' title="bbox 246 2656 1568 2793">
     <span class='ocr_line' id='line_1_34' title="bbox 316 2656 1567 2700; baseline 0 -8"><span class='ocrx_word' id='word_1_242' title='bbox 316 2665 344 2693; x_wconf 91' lang='lat'>6.</span> <span class='ocrx_word' id='word_1_243' title='bbox 371 2664 425 2691; x_wconf 85' lang='grc' dir='ltr'>ΑΒ</span> <span class='ocrx_word' id='word_1_244' title='bbox 455 2656 488 2691; x_wconf 79' lang='lat' dir='ltr'>in</span> <span class='ocrx_word' id='word_1_245' title='bbox 521 2672 637 2700; x_wconf 76' lang='lat' dir='ltr'>marg:</span> <span class='ocrx_word' id='word_1_246' title='bbox 665 2664 786 2691; x_wconf 81' lang='lat' dir='ltr'>Eleccio</span> <span class='ocrx_word' id='word_1_247' title='bbox 821 2665 936 2699; x_wconf 80' lang='lat' dir='ltr'>duplex</span> <span class='ocrx_word' id='word_1_248' title='bbox 967 2667 1021 2691; x_wconf 75' lang='lat' dir='ltr'>est.</span> <span class='ocrx_word' id='word_1_249' title='bbox 1118 2673 1160 2698; x_wconf 78' lang='lat'>14.</span> <span class='ocrx_word' id='word_1_250' title='bbox 1190 2663 1306 2692; x_wconf 25' lang='lat' dir='ltr'>Coddi:</span> <span class='ocrx_word' id='word_1_251' title='bbox 1347 2665 1450 2691; x_wconf 79' lang='lat' dir='ltr'>estalis</span> <span class='ocrx_word' id='word_1_252' title='bbox 1487 2665 1567 2699; x_wconf 76' lang='lat' dir='ltr'>(sic).</span> 
     </span>
     <span class='ocr_line' id='line_1_35' title="bbox 247 2710 1568 2746; baseline 0 -7"><span class='ocrx_word' id='word_1_253' title='bbox 247 2719 295 2746; x_wconf 82' lang='lat'>24.</span> <span class='ocrx_word' id='word_1_254' title='bbox 324 2711 376 2739; x_wconf 85' lang='lat' dir='ltr'>AB</span> <span class='ocrx_word' id='word_1_255' title='bbox 406 2711 438 2738; x_wconf 89' lang='lat' dir='ltr'>in</span> <span class='ocrx_word' id='word_1_256' title='bbox 465 2718 579 2746; x_wconf 66' lang='lat' dir='ltr'>marg:</span> <span class='ocrx_word' id='word_1_257' title='bbox 612 2710 698 2746; x_wconf 85' lang='lat' dir='ltr'><em>Papa</em></span> <span class='ocrx_word' id='word_1_258' title='bbox 724 2711 802 2738; x_wconf 82' lang='lat' dir='ltr'>illud</span> <span class='ocrx_word' id='word_1_259' title='bbox 826 2719 936 2738; x_wconf 86' lang='lat' dir='ltr'>nomen</span> <span class='ocrx_word' id='word_1_260' title='bbox 964 2711 1044 2738; x_wconf 84' lang='lat' dir='ltr'>unde</span> <span class='ocrx_word' id='word_1_261' title='bbox 1070 2711 1162 2738; x_wconf 71' lang='lat' dir='ltr'>hahet</span> <span class='ocrx_word' id='word_1_262' title='bbox 1185 2714 1294 2739; x_wconf 84' lang='lat' dir='ltr'><em>ortum.</em></span> <span class='ocrx_word' id='word_1_263' title='bbox 1371 2710 1420 2738; x_wconf 86' lang='lat'>25.</span> <span class='ocrx_word' id='word_1_264' title='bbox 1449 2710 1568 2739; x_wconf 86' lang='lat' dir='ltr'>Codd.:</span> 
     </span>
     <span class='ocr_line' id='line_1_36' title="bbox 246 2756 1567 2793; baseline 0 -8"><span class='ocrx_word' id='word_1_265' title='bbox 246 2765 313 2793; x_wconf 83' lang='lat' dir='ltr'>cap.</span> <span class='ocrx_word' id='word_1_266' title='bbox 334 2757 411 2785; x_wconf 90' lang='lat' dir='ltr'>XIV.</span> <span class='ocrx_word' id='word_1_267' title='bbox 431 2757 569 2785; x_wconf 80' lang='lat' dir='ltr'>Correxi.</span> <span class='ocrx_word' id='word_1_268' title='bbox 645 2765 695 2792; x_wconf 83' lang='lat'>29,</span> <span class='ocrx_word' id='word_1_269' title='bbox 714 2756 763 2786; x_wconf 82' lang='lat'>30.</span> <span class='ocrx_word' id='word_1_270' title='bbox 786 2757 903 2786; x_wconf 88' lang='lat' dir='ltr'>Codd.:</span> <span class='ocrx_word' id='word_1_271' title='bbox 926 2757 1083 2785; x_wconf 79' lang='lat' dir='ltr'>Romanus</span> <span class='ocrx_word' id='word_1_272' title='bbox 1098 2757 1246 2793; x_wconf 79' lang='lat' dir='ltr'>pontzfex</span> <span class='ocrx_word' id='word_1_273' title='bbox 1260 2765 1321 2793; x_wconf 81' lang='lat' dir='ltr'>pre</span> <span class='ocrx_word' id='word_1_274' title='bbox 1340 2757 1453 2785; x_wconf 73' lang='lat' dir='ltr'>ceteris</span> <span class='ocrx_word' id='word_1_275' title='bbox 1473 2758 1567 2785; x_wconf 80' lang='lat' dir='ltr'>deest.</span> 
     </span>
    </p>
   </div>
   <div class='ocr_carea' id='block_1_5' title="bbox 254 2827 1565 2976">
    <p class='ocr_par' dir='ltr' id='par_1_5' title="bbox 254 2827 1565 2976">
     <span class='ocr_line' id='line_1_37' title="bbox 319 2827 1565 2871; baseline 0.002 -11"><span class='ocrx_word' id='word_1_276' title='bbox 319 2827 1001 2871; x_wconf 79' lang='lat' dir='ltr'>25.PolychroniconRanulphiHigden</span> <span class='ocrx_word' id='word_1_277' title='bbox 1016 2830 1057 2869; x_wconf 87' lang='lat' dir='ltr'>V,</span> <span class='ocrx_word' id='word_1_278' title='bbox 1079 2839 1152 2870; x_wconf 88' lang='lat'>140.</span> <span class='ocrx_word' id='word_1_279' title='bbox 1170 2829 1286 2860; x_wconf 82' lang='lat' dir='ltr'>Hussii</span> <span class='ocrx_word' id='word_1_280' title='bbox 1304 2829 1396 2871; x_wconf 85' lang='lat' dir='ltr'>Opp.</span> <span class='ocrx_word' id='word_1_281' title='bbox 1414 2828 1565 2862; x_wconf 66' lang='lat' dir='ltr'>CCXXb.</span> 
     </span>
     <span class='ocr_line' id='line_1_38' title="bbox 254 2887 526 2927; baseline 0.004 -8"><span class='ocrx_word' id='word_1_282' title='bbox 254 2888 306 2920; x_wconf 71' lang='lat'>33.</span> <span class='ocrx_word' id='word_1_283' title='bbox 334 2887 417 2927; x_wconf 83' lang='lat' dir='ltr'>Cap.</span> <span class='ocrx_word' id='word_1_284' title='bbox 438 2887 526 2920; x_wconf 89' lang='lat' dir='ltr'>XIV.</span> 
     </span>
     <span class='ocr_line' id='line_1_39' title="bbox 310 2947 1422 2976; baseline 0.006 -7"><span class='ocrx_word' id='word_1_285' title='bbox 310 2947 351 2970; x_wconf 84' lang='lat' dir='ltr'>De</span> <span class='ocrx_word' id='word_1_286' title='bbox 369 2948 520 2971; x_wconf 78' lang='lat' dir='ltr'>Potestate</span> <span class='ocrx_word' id='word_1_287' title='bbox 537 2949 622 2976; x_wconf 83' lang='lat' dir='ltr'>I‘ape.</span> <span class='ocrx_word' id='word_1_288' title='bbox 1386 2954 1422 2976; x_wconf 87' lang='lat'>12</span> 
     </span>
    </p>
   </div>
  </div>
 </body>
</html>
