2078 3338
300 881 327 900 2.
351 872 462 899 l'elcr's·

305 907 458 942 humilily.

977 274 1201 306 „IOHANNIS
1229 274 1413 305 wrong*
1660 259 1767 315 [eff.
1801 269 1849 296 111.

535 378 721 427 sterilis,
757 378 949 431 signans
983 391 1290 431 synagogam,
1324 383 1478 418 tamen
1510 377 1641 430 prius
1664 376 1850 430 plenius

532 449 745 490 introivit
789 447 1031 501 copiosius
1080 449 1136 487 ad
1182 448 1469 487 credendum
1511 446 1559 486 in
1604 446 1851 487 Christum.

534 519 629 558 Per
659 517 856 558 tercium
896 531 1011 558 vero
1046 517 1258 571 signatur
1300 516 1561 570 anagogice
1596 517 1725 569 quod
1759 515 1852 556 imi-

535 594 714 628 tatores
746 587 876 627 Petri
916 593 965 628 et
997 587 1264 640 specialiter
1295 592 1526 640 martyres
1557 586 1604 626 in
1637 599 1854 626 sermone

535 658 646 698 fidei
669 657 804 698 citius
827 657 1024 697 veniunt
1041 655 1044 712 J
1063 657 1121 697 ad
1144 656 1380 697 Christum
1403 662 1604 697 stantem
1626 655 1673 695 in
1693 655 1854 695 littore
1896 659 1976 700 175⁸

537 727 797 768 eternitatis
816 740 953 780 quam
977 726 1053 767 alii
1075 726 1279 780 navigio,
1304 726 1383 779 qui
1406 732 1504 765 arte
1529 726 1855 766 confessorum

535 797 796 849 prudenter
829 802 1009 837 certant
1041 796 1119 836 diu
1149 796 1197 836 in
1228 795 1326 836 vita
1357 809 1462 835 cum
1492 794 1721 835 hostibus.

597 866 831 918 Quantum
865 866 921 906 ad
954 866 1208 906 secundam
1229 865 1453 905 virtutem
1483 878 1575 917 que
1609 870 1682 904 est
1711 864 1855 904 humi-

536 935 655 982 litas,
708 941 841 988 patet
893 936 1021 989 quod
1072 948 1270 975 necesse
1325 940 1397 974 est
1441 939 1703 974 cernentem
1745 933 1857 973 fidei

538 1005 759 1058 coniungi
780 1005 924 1058 lapidi
947 1005 1003 1045 ad
1027 1004 1436 1045 construccionem
1461 1003 1650 1043 celestis
1675 1002 1856 1054 edificii,
1878 1018 1915 1038 10

537 1075 662 1115 unde
684 1075 827 1116 Math.
848 1074 1035 1123 XVIII,
1066 1089 1096 1124 1,
1122 1088 1157 1124 2,
1191 1073 1377 1127 quando
1401 1078 1527 1112 mota
1550 1077 1622 1112 est
1654 1071 1856 1125 questio,

538 1145 641 1198 quis
674 1146 829 1185 maior
861 1148 922 1185 est
953 1146 1001 1184 iu
1033 1152 1171 1196 regno
1205 1145 1404 1183 celorum
1442 1142 1666 1195 magister
1701 1142 1856 1180 decre-

536 1219 682 1266 verat,
715 1215 845 1267 quod
864 1216 1089 1267 parvulus
1110 1214 1158 1253 in
1180 1218 1338 1253 mente
1360 1212 1595 1258 humilior;
1619 1211 1728 1251 ideo
1754 1224 1858 1250 cum

536 1284 707 1324 Petrus
752 1284 812 1324 sit
842 1290 956 1337 post
989 1283 1222 1324 Christum
1254 1283 1607 1323 fundamentum
1646 1280 1857 1331 ecclesie,

537 1367 736 1395 necesse
772 1360 845 1394 est
877 1354 1006 1407 quod
1039 1354 1098 1394 sit
1124 1353 1473 1406 quodammodo
1506 1350 1729 1391 fratribus
1762 1350 1857 1390 suis
1877 1356 1913 1388 15

537 1423 764 1464 humilior.
795 1424 858 1464 Et
893 1423 1030 1463 istam
1061 1423 1323 1463 leccionem
1355 1421 1622 1462 didicerunt
1656 1419 1859 1473 apostoli

538 1508 563 1534 a
601 1493 827 1547 magistro
865 1493 1007 1533 Math.
1045 1492 1133 1545 XI,
1174 1506 1245 1543 29:
1290 1491 1472 1539 Discite,
1515 1489 1679 1543 inquit,
1713 1502 1742 1529 α
1772 1501 1858 1538 me,

538 1565 646 1616 quia
690 1564 814 1604 mitis
855 1576 959 1603 sum
1004 1566 1042 1603 et
1083 1563 1272 1602 humilis
1315 1562 1463 1610 corde,
1516 1558 1646 1612 quod
1687 1558 1857 1599 Petrus

541 1633 649 1686 quia
694 1632 952 1673 eminenter
997 1632 1224 1672 didicerat
1269 1631 1553 1671 constitutus
1594 1634 1668 1669 est
1697 1628 1857 1669 funda-

540 1708 747 1743 mentum
762 1702 963 1755 primum
977 1702 1101 1742 inter
1116 1701 1380 1755 apostolos;
1413 1700 1537 1739 unde
1559 1698 1858 1752 Augustinus
1876 1715 1917 1736 20

538 1773 585 1812 in
618 1774 685 1813 De
718 1772 894 1812 Verbis
925 1771 1116 1812 Domini
1150 1770 1380 1812 Sermone
1412 1769 1481 1809 X:
1521 1769 1690 1810 Discite
1727 1781 1757 1808 a
1788 1781 1860 1809 me

540 1856 629 1883 nou
662 1844 887 1882 vnfznrzszdmn
908 1842 1164 1893 fabricare,
1196 1853 1285 1881 non
1315 1853 1484 1892 creare,
1516 1852 1606 1879 non
1629 1839 1860 1878 miracula

548 1913 714 1962 facere,
748 1925 826 1952 nec
856 1915 1061 1952 mortuos
1091 1912 1327 1962 suscita-re,
1365 1910 1444 1950 sed
1481 1909 1698 1961 qnoniam
1735 1908 1861 1947 mitis

539 1995 643 2023 sum
676 1985 714 2022 et
744 1983 932 2022 hum-ilis
964 1983 1108 2022 corde.
1155 1980 1378 2033 Quamvis
1412 1984 1566 2020 autem
1599 1978 1734 2018 istam
1766 1979 1858 2017 lec-

542 2052 727 2092 cionem
761 2052 984 2092 convenit
1017 2057 1064 2091 et
1086 2056 1279 2104 oportet
1301 2049 1560 2103 quemlibet
1587 2047 1860 2088 salvandum
1878 2054 1916 2085 25

541 2122 803 2170 advertere,
849 2127 1042 2174 oportet
1073 2127 1228 2161 tamen
1259 2120 1465 2171 Petrum,
1504 2118 1543 2159 si
1576 2118 1723 2158 debet
1755 2130 1861 2157 esse

542 2191 893 2231 fundamentum
947 2193 1233 2231 substratum
1266 2189 1378 2242 aliis,
1422 2187 1704 2242 profundius
1738 2186 1861 2226 illam

543 2274 850 2316 cognoscere,
890 2265 1084 2313 oportet
1117 2259 1238 2299 enim
1270 2259 1625 2299 fundamentum
1658 2256 1861 2296 ecclesie

543 2343 649 2370 esse
686 2329 1004 2381 humillimum,
1043 2329 1151 2382 quia
1190 2328 1323 2368 aliter
1354 2333 1482 2368 tanta
1518 2327 1697 2367 fabrica
1729 2325 1860 2366 cuius

540 2400 713 2439 fundus
757 2399 804 2439 in
846 2405 971 2439 terra
1016 2398 1198 2452 capitur
1242 2403 1290 2438 et
1336 2410 1561 2437 cacumen
1617 2409 1768 2449 usque
1804 2395 1861 2434 ad
1878 2400 1919 2431 30

543 2483 771 2509 summum
810 2470 961 2509 celum.
1005 2468 1201 2523 erigitur
1232 2481 1326 2508 non
1360 2466 1505 2508 stabit
1536 2466 1756 2516 solidum3
1799 2465 1859 2504 fa-

542 2539 672 2579 brica
715 2538 858 2593 igitur
888 2544 985 2579 tarn
1017 2538 1174 2591 gravis
1205 2537 1253 2577 in
1290 2537 1500 2577 moribus
1531 2534 1731 2589 requirit
1761 2534 1859 2574 fun-

615 2723 644 2749 8.
666 2722 719 2749 AB
746 2722 775 2749 in
804 2730 918 2757 marg:
946 2721 1122 2748 Humilitas.
1206 2730 1233 2756 9.
1262 2720 1300 2747 ss:
1328 2722 1511 2760 cernelgtem.
1597 2727 1639 2753 14.
1665 2718 1722 2751 sit;
1748 2717 1786 2744 B:
1807 2716 1860 2751 stt.

549 2769 591 2797 18.
614 2770 641 2796 A
662 2769 692 2796 in
715 2776 828 2802 marg.:
851 2768 1092 2796 Fundamentum
1112 2768 1240 2795 ecclesie
1258 2766 1411 2802 quomodo
1432 2766 1546 2794 dicitur
1560 2764 1679 2792 Petrus.
1755 2772 1799 2791 21.
1822 2763 1859 2790 13:

544 2817 574 2843 in
596 2816 690 2843 deest.

618 2910 669 2932 21.
699 2899 750 2932 Cf.
777 2900 824 2931 St.
851 2898 1037 2937 Augustini
1065 2898 1156 2939 opp.
1184 2904 1267 2929 tom.
1294 2898 1334 2933 V,
1368 2895 1462 2928 1688.
