2078 3338
231 264 320 292 CAP.
336 253 404 310 ιχ]
624 266 679 298 DE
710 267 989 299 POTESTATE
1018 267 1148 299 PAPE.
1750 258 1829 308 213

231 376 504 424 contempto
551 370 676 411 omni
718 371 916 411 seculari
957 372 1204 411 commodo
1240 372 1316 411 vel
1346 372 1540 412 honore.
1566 379 1691 442 glffllqgks]
1707 381 1822 443 cgssggled

111 437 190 480 2¹4b
230 439 370 492 Quod
394 440 432 480 si
453 440 702 481 Robertus
724 441 801 480 vel
830 440 944 480 alius
966 440 1104 480 nobis
1122 439 1125 495 Ι
1144 440 1301 480 facere
1325 440 1541 490 voluerit,
1575 451 1712 477 sacrifice
1732 450 1813 477 their

228 523 320 550 non
371 510 744 559 contradicimus,
799 511 929 550 Deus
983 509 1073 550 sibi
1123 510 1365 560 retribuat,
1418 511 1541 550 unde
1564 485 1826 554 Olinalidtvhcffizaffe

226 579 396 619 beatus
427 578 762 632 Crysostomus
794 579 875 619 ubi
907 592 1066 632 supra:
1099 579 1336 632 Principes
1368 580 1543 620 ecclesie

195 652 210 684 5
225 648 363 699 fiunt,
396 652 443 689 ut
474 649 675 689 serviani
706 649 963 689 minoribus
993 649 1090 689 suis
1121 652 1160 689 ei
1188 649 1446 689 ministrent
1480 650 1543 689 eis

226 730 493 770 quecumque
524 721 792 771 acceperunt
824 731 853 758 α
888 717 1077 765 Christo,
1109 722 1158 758 ut
1187 731 1298 759 suas
1329 719 1544 759 ittilitczies

224 788 457 840 ioeegligant
494 791 532 828 et
568 789 755 828 illorum
787 791 1047 840 procurent,
1089 791 1137 828 ut
1172 789 1213 828 si
1250 800 1363 841 opus
1393 787 1544 839 fuerit

226 869 302 897 nec
344 858 466 897 mori
508 861 712 898 recusent
747 870 837 910 pro
881 859 1026 898 salute
1070 870 1242 908 eorum,
1285 859 1400 898 sicut
1431 857 1544 907 fecit

223 925 476 978 Apostolus.
522 926 636 966 Cum
669 926 814 981 igitur
856 928 945 966 hec
990 926 1050 967 sit
1091 926 1257 980 religio
1301 939 1541 979 paparum,

171 1011 209 1031 10
223 1001 356 1048 patet
389 1009 525 1049 quam
560 996 818 1049 culpabiles
852 1009 878 1035 a
910 997 1016 1036 Deo
1059 1001 1167 1036 sunt
1199 995 1439 1049 principes
1473 1009 1542 1036 se-

225 1065 328 1115 culi,
363 1065 442 1118 qui
475 1078 707 1106 consensu
741 1066 884 1105 stulto
912 1065 1062 1119 ipsam
1087 1065 1404 1116 dissolverint,
1439 1079 1542 1119 spe-

225 1134 402 1175 cialiter
424 1135 742 1188 promittendo
764 1135 1033 1175 thesaurum
1061 1135 1199 1188 regni
1232 1141 1279 1175 et
1309 1135 1543 1188 legiorum

224 1218 414 1245 suorum
448 1205 505 1244 ad
534 1204 667 1257 ipsos
702 1204 955 1251 confluere.

281 1274 449 1314 Tercio
489 1279 624 1327 patet
656 1288 717 1313 ex
751 1273 888 1314 dictis
922 1274 1161 1327 quomodo
1202 1274 1352 1314 sancti
1384 1287 1541 1314 susce-

171 1350 204 1380 ᾖ
222 1350 394 1397 perunt
415 1343 642 1397 primatus
664 1343 942 1394 huiusmodi,
967 1344 1173 1384 scientes
1194 1345 1322 1397 quod
1343 1345 1541 1384 humana

224 1413 400 1453 eleccio
453 1414 529 1454 vel
583 1419 657 1453 est
707 1413 928 1466 primatui
980 1427 1065 1454 suo
1110 1413 1419 1467 impertinens
1464 1411 1622 1453 velThe
1642 1412 1830 1439 dutiesofa

1613 1454 1708 1474 rlmac
1749 1454 1800 1474 ase

222 1483 401 1524 nociva.
432 1483 519 1523 Est
543 1483 662 1523 enim
686 1483 731 1523 in
753 1483 954 1536 primatu
976 1483 1055 1523 tali
1078 1483 1281 1523 servitus
1304 1455 1630 1523 laboriosahaid
1641 1455 1829 1509 andilefault

224 1560 270 1593 et
307 1553 480 1593 mundo
522 1553 706 1593 abiecta
745 1566 796 1593 ac
834 1552 1139 1603 infructuosa,
1180 1553 1266 1593 sed
1303 1523 1582 1593 meritoriam
1604 1521 1625 1543 n
1640 1516 1826 1551 dangerous.

223 1624 377 1675 quoad
409 1623 580 1672 Deum,
615 1628 663 1662 et
693 1622 816 1662 illam
848 1623 1102 1663 voluerunt
1134 1622 1283 1663 sancti
1316 1623 1538 1662 doctores

167 1707 206 1727 20
222 1705 309 1745 pro
349 1692 506 1733 fructu
544 1691 711 1745 premii
742 1693 1071 1745 promerendo.
1123 1692 1211 1732 Est
1242 1692 1453 1732 secundo
1492 1691 1538 1731 in

220 1761 423 1815 primatu
468 1761 753 1803 extollencia
796 1762 1028 1802 mundana
1071 1762 1341 1815 periculosa
1385 1767 1433 1802 et
1475 1761 1537 1801 in—

221 1831 510 1873 sufficiencia
553 1833 630 1872 vel
674 1831 972 1885 negligencia
1015 1831 1291 1885 perficiendi
1331 1831 1536 1871 officium

219 1901 422 1952 ruinosa,
468 1915 561 1955 que
605 1902 841 1955 paulative
882 1903 1143 1955 augebatur
1182 1901 1369 1942 racione
1409 1901 1535 1941 dota-

222 1971 369 2012 cionis
395 1971 610 2021 ecclesie,
645 1976 691 2011 et
722 1971 847 2011 illam
870 1971 1122 2011 noluerunt
1145 1970 1294 2011 sancti
1316 1976 1535 2024 pastores

165 2043 202 2076 25
222 2041 439 2092 ecclesie,
474 2046 521 2082 et
550 2041 658 2081 hinc
689 2047 802 2093 post
834 2040 1130 2081 dotacionem
1153 2040 1349 2080 inolevit
1370 2040 1535 2094 religio

220 2112 519 2164 prelatorum,
565 2112 693 2164 quod
736 2112 884 2151 verbo
933 2116 979 2150 et
1022 2116 1181 2151 mente
1226 2109 1437 2150 dicerent
1488 2109 1536 2149 in

219 2180 388 2221 talibus
423 2180 742 2221 eleccionibus
777 2181 943 2221 nolens
967 2181 1093 2230 volo,
1128 2179 1234 2233 quia
1256 2180 1421 2220 nolens
1447 2180 1535 2220 hoc

220 2251 476 2291 secundum
507 2249 734 2290 nefarium
766 2250 876 2291 volo
909 2250 1120 2303 primum.

276 2320 337 2360 Et
367 2326 500 2373 patet
529 2319 575 2360 in
603 2326 738 2373 parte
762 2320 1000 2374 quomodo
1025 2319 1255 2360 solvenda
1277 2324 1385 2359 sunt
1409 2318 1533 2358 dicta

164 2394 205 2425 30
221 2389 515 2443 Crysostomi
567 2395 615 2430 et
650 2389 866 2430 obiectus
901 2402 1174 2430 communes
1225 2388 1337 2429 facti
1367 2388 1415 2428 in
1445 2387 1535 2428 ista

219 2459 423 2499 materia.
468 2460 614 2500 Modo
651 2465 804 2500 autem
837 2459 1020 2499 cautela
1053 2458 1244 2512 dyaboli
1277 2463 1325 2498 et
1355 2457 1535 2497 incuria

219 2528 493 2570 secularium
527 2530 583 2569 ad
613 2528 1030 2582 perturbacionem
1066 2541 1282 2582 magnam
1315 2526 1532 2576 ecclesie,

101 2605 180 2643 214e
220 2598 388 2639 dicitur
417 2599 464 2639 in
496 2598 623 2639 facto
643 2599 646 2654 1
668 2599 960 2647 contrarium,
995 2598 1178 2639 scilicet
1210 2598 1337 2651 quod
1366 2598 1532 2637 nolens

218 2667 523 2708 ministerium
576 2668 902 2722 evangelicum
954 2669 1030 2708 vel
1090 2667 1359 2708 mercedem
1421 2666 1531 2706 volo

163 2738 465 2791 &primatum
510 2743 557 2779 et
601 2739 896 2779 commodum
927 2738 1204 2791 temporale,
1251 2742 1298 2777 et
1334 2748 1532 2776 necesse

292 2896 332 2925 18.
357 2897 394 2925 B:
415 2898 542 2924 mumho.
