2078 3338
213 270 292 307 274

226 865 330 894 Clu-ist
348 866 399 892 the
419 872 477 891 one

255 900 451 936 high-priest.

246 1434 313 1463 The
333 1435 469 1470 apostles

252 1472 303 1498 did
326 1474 380 1497 not
401 1470 455 1497 call

258 1506 442 1532 themselves

218 1549 315 1575 popes
336 1548 371 1567 οι·
391 1540 486 1566 heads

226 1577 260 1603 os
277 1576 327 1602 the
348 1574 483 1603 Churcli.

944 266 1167 297 JOHANle
1194 266 1380 298 WVCLIF
1630 255 1740 307 [CAP.
1762 264 1813 290 xi

500 370 695 423 scripto,
741 370 870 423 quod
914 374 1156 410 cessarunt
1197 369 1465 410 huiusmodi
1495 370 1682 423 legalia3
1730 383 1817 410 nec

499 439 837 480 inducerentur
879 452 1004 480 nova
1046 440 1106 479 ad
1158 453 1277 480 onus
1327 439 1541 490 ecclesie,
1593 445 1644 480 ut
1685 444 1820 492 patet

502 509 606 550 Act.
629 508 742 559 XV,
776 522 885 562 ymo
909 508 1114 562 apostoli
1133 508 1336 549 fuissent
1366 508 1502 549 nimis
1521 508 1819 549 immemores

501 578 660 619 future
695 577 897 619 ecclesie
929 578 1326 632 pretermittendo
1361 578 1581 632 exempla
1610 578 1657 618 in
1679 578 1819 628 facto,

501 649 653 688 verbo
688 652 735 688 et
768 647 962 701 scripto,
1008 649 1243 701 quomodo
1278 661 1582 688 successores
1615 647 1687 688 sui
1720 648 1854 701 epi-5

503 717 639 771 scopi
680 717 945 758 militarent.
998 717 1139 758 Unde
1183 731 1271 771 pro
1311 717 1524 758 ulteriori
1562 731 1705 759 sensu
1741 731 1822 757 no-

502 788 692 827 tandum
716 787 843 840 quod
861 787 1010 828 omnis
1034 801 1240 829 summus
1264 787 1487 828 sacerdos
1509 787 1631 841 legis
1646 786 1823 827 veteris

502 856 725 910 figuravit
741 856 975 898 Christum
997 857 1044 898 in
1067 857 1283 898 omnibus
1306 856 1442 897 factis
1458 856 1554 897 suis
1576 856 1822 910 legalibus.

505 925 620 966 Ideo
667 927 1039 968 autonomastice
1085 932 1133 967 et
1176 926 1476 980 singulariter
1511 927 1617 980 ipse
1656 926 1825 966 dicitur

504 1009 710 1037 summus
743 998 967 1037 sacerdos
1001 1002 1048 1037 et
1081 996 1338 1050 episcopus
1373 995 1624 1036 animarum
1647 1000 1696 1036 et
1715 995 1824 1036 hinc
1844 1013 1882 1034 10

502 1065 580 1106 illa
621 1066 872 1106 multitudo
912 1067 1211 1107 sacerdotum
1250 1071 1297 1107 et
1334 1079 1525 1107 suorum
1564 1064 1824 1105 officiorum

503 1134 591 1175 fuit
620 1135 668 1175 in
691 1135 877 1176 Christo
901 1136 1040 1177 unico
1071 1139 1357 1185 consumata,
1389 1140 1442 1175 ut
1461 1135 1659 1188 pulchre
1684 1134 1826 1175 docet

504 1205 772 1258 Apostolus
804 1205 928 1246 Heb.
961 1205 1050 1256 IX,
1085 1210 1133 1246 et
1153 1205 1276 1245 Heb.
1304 1204 1400 1245 VH
1433 1204 1625 1246 dicitur:
1664 1205 1825 1258 plures

505 1273 616 1314 facti
658 1279 767 1314 sunt
805 1275 1082 1315 sacerdotes
1122 1275 1381 1315 secundum
1424 1274 1583 1327 legem
1628 1278 1714 1314 etc.
1765 1273 1827 1313 Et

505 1344 593 1384 hec
625 1343 753 1384 racio
786 1357 929 1397 quare
963 1344 1167 1398 apostoli
1197 1357 1293 1384 non
1325 1349 1557 1384 vocarunt
1594 1357 1645 1384 se
1677 1356 1826 1397 papas
1847 1350 1882 1382 15

506 1413 843 1464 sanctissimos,
883 1413 1038 1467 capita
1069 1413 1347 1454 universalis
1387 1413 1589 1454 ecclesie
1621 1414 1699 1453 vel
1730 1412 1826 1453 uni-

505 1483 716 1523 versales
749 1482 1015 1536 pontifices,
1048 1484 1135 1523 sed
1164 1484 1386 1523 habendo
1415 1496 1577 1524 secum
1600 1496 1828 1523 summum

507 1552 781 1606 pontificem
819 1566 970 1606 usque
1009 1553 1067 1592 ad
1106 1552 1517 1593 consumacionem
1550 1552 1711 1603 seculi,
1748 1565 1828 1593 Vo-

509 1627 671 1662 carunt
694 1635 745 1662 se
768 1635 936 1663 servos
961 1621 1133 1662 Christi
1164 1621 1211 1662 in
1243 1622 1568 1673 tribulacione,
1601 1621 1758 1662 socios
1783 1626 1831 1661 et

507 1691 746 1732 ministros
779 1692 1002 1743 ecclesie3
1043 1692 1167 1732 unde
1198 1691 1289 1732 ista
1318 1692 1489 1745 religio
1524 1696 1713 1732 servata
1743 1690 1833 1731 fuit
1849 1710 1889 1730 ‘20

508 1767 621 1802 tunc
652 1767 869 1815 tempore
898 1760 903 1815 Ι
929 1761 1061 1802 beati
1084 1761 1318 1816 Gregorii,
1353 1767 1400 1802 et
1434 1775 1495 1802 ex
1524 1763 1719 1802 decreto
1744 1774 1830 1802 suo
1874 1771 1951 1811 2290

508 1832 812 1885 incorporata
832 1831 931 1885 legi
947 1832 1148 1873 ecclesie
1164 1831 1475 1873 distinccione
1489 1831 1659 1872 XCIX
1672 1831 1831 1872 Prima

508 1903 630 1942 sedis
663 1907 711 1941 et
743 1915 843 1955 cap.
874 1901 996 1942 Ecce.
1036 1900 1192 1954 Quare
1223 1901 1369 1955 igitur
1399 1915 1494 1942 non
1524 1900 1673 1955 magis
1704 1900 1828 1954 peri-

511 1972 675 2012 culoso
720 1976 937 2025 tempore
980 1972 1089 2025 plus
1132 1971 1315 2025 indigni
1355 1971 1456 2012 sine
1488 1971 1721 2011 divisione
1752 1971 1830 2011 vel

509 2042 774 2094 phariseica
826 2041 1172 2095 expectacione
1223 2041 1536 2082 inniterentur
1586 2041 1716 2081 unite
1766 2040 1887 2080 illi25

510 2111 736 2164 pontifici.
758 2111 953 2152 Revera
975 2111 1163 2152 videtur
1184 2112 1319 2152 iuxta
1341 2111 1700 2152 distinccionem
1722 2123 1829 2164 pre-

513 2181 683 2221 dictam
728 2186 775 2221 et
806 2180 1054 2222 veritatem
1097 2181 1210 2222 facti
1252 2195 1482 2235 paparum
1526 2181 1660 2235 sequi
1703 2180 1833 2234 quod

511 2251 589 2291 vel
633 2256 742 2292 sunt
784 2251 1100 2304 personaliter
1143 2251 1311 2292 Ihesus
1355 2256 1533 2301 noster,
1583 2251 1662 2291 vel
1706 2250 1832 2304 quod

513 2325 622 2361 sunt
651 2320 929 2361 infidelitate
950 2321 1143 2375 peiores
1167 2321 1491 2362 sacerdotibus
1513 2320 1634 2374 legis
1655 2320 1832 2361 Veteris

511 2390 770 2443 figuraliter
809 2390 1176 2444 expectantibus
1214 2390 1402 2431 Ihesum
1442 2389 1690 2440 Christum,
1730 2402 1833 2429 cum
1850 2396 1891 2428 30

513 2459 917 2513 propinquissime
948 2464 1209 2514 preparant
1240 2459 1362 2500 viam
1385 2459 1692 2500 Antichristo.
1725 2458 1834 2499 Non

513 2528 659 2583 igitur
702 2529 916 2583 sequitur
957 2530 1045 2570 hec
1091 2529 1378 2570 dominativa
1418 2528 1735 2583 precellencia
1773 2541 1834 2568 ex

514 2599 624 2653 lege
656 2599 821 2640 veteri.

589 2766 631 2793 14.
665 2758 764 2787 Codd.
796 2759 826 2786 in
859 2767 976 2794 marg:
1012 2759 1157 2795 Apostoli
1191 2767 1252 2787 non
1288 2761 1439 2788 vocarunt
1476 2767 1509 2786 se
1544 2759 1755 2786 sanctissimos
1790 2758 1834 2786 vel

517 2806 630 2839 capita.

593 2891 641 2923 13.
670 2889 720 2923 Cf.
748 2890 822 2921 Hus
850 2890 941 2932 Opp.
970 2900 1045 2932 219.
1144 2898 1196 2922 22.
1226 2890 1308 2931 Cap.
1338 2890 1390 2922 ΙΙΙ.
1489 2890 1540 2921 23.
1568 2890 1652 2931 Cap.
1670 2890 1711 2921 V.
