2078 3338
252 272 341 300 CAP.
361 261 430 318 m]
646 274 704 305 DE
733 274 1013 307 Po‘sEsTATE
1040 276 1172 307 ΡΑΡΕ.

252 380 454 419 cundum
474 378 690 419 raciones
705 379 811 419 Deo
825 380 1143 431 absconditas,
1159 394 1282 421 nunc
1306 394 1398 421 uno
1416 383 1568 433 modo,

251 462 374 489 nunc
407 449 508 501 alio,
539 448 587 489 in
619 447 811 488 formam
843 449 996 502 polipi
1028 451 1105 490 vel
1139 450 1322 491 abiecte
1360 452 1569 503 materie,

251 518 421 572 quibus
453 518 664 571 procella
695 519 994 559 tenebrarum
1029 525 1266 573 perpetuo
1304 527 1465 574 parata
1499 528 1571 563 est

249 594 363 641 post
395 588 517 628 diem
548 587 719 629 iudicii.
758 588 1000 641 Prepositi
1033 595 1187 629 autem
1217 596 1265 630 et
1298 591 1569 644 specialiter

218 659 456 698 5summus
500 657 720 711 pontifex
766 657 986 698 timerent
1030 658 1119 699 sibi
1171 660 1229 699 de
1284 673 1427 701 sensu
1478 662 1569 702 hoc

249 727 432 768 mistico
488 732 535 767 et
586 727 854 780 specialiter
908 728 965 767 de
1019 728 1247 781 superbia
1298 731 1374 770 vel
1428 732 1569 772 laude

124 797 204 831 213²i
246 798 458 847 humana,
494 797 552 837 de
577 797 861 837 extollencia
889 797 893 852 Ι
922 797 992 838 sui
1015 803 1185 844 status;
1220 799 1321 852 ipsa
1351 800 1473 840 enim
1498 806 1570 841 est

249 879 413 919 spuma
463 865 761 906 fantasticum
810 866 1102 917 Antichristi⁷
1163 881 1267 908 cum
1328 869 1384 908 ad
1428 869 1568 910 nichil

248 936 375 976 valet
411 935 500 976 nisi
533 936 590 975 ad
627 936 945 976 frustrandum
983 939 1249 978 mercedem
1282 939 1469 979 Domini
1505 939 1568 980 di-

196 1029 234 1049 10
251 1006 399 1046 centis
431 1005 598 1046 Matth.
623 1005 705 1056 VI,
741 1020 783 1046 2:
821 1006 984 1060 Amen,
1024 1008 1122 1047 dico
1156 1009 1276 1048 vobis
1307 1014 1570 1061 receperunt

248 1077 500 1117 mercedem
538 1089 688 1124 snam,
735 1082 782 1116 et
815 1076 917 1127 Joh.
942 1077 1000 1126 V,
1034 1092 1087 1128 44
1126 1080 1348 1130 quomodo
1380 1081 1569 1132 potestis

247 1147 440 1197 credere,
463 1147 540 1200 qni
556 1147 760 1198 gloriam
781 1148 838 1186 ab
861 1147 1050 1187 invicem
1071 1148 1283 1200 recipitis,
1308 1152 1345 1188 et
1361 1150 1567 1201 gloriam

246 1228 327 1267 qne
359 1229 387 1255 a
418 1217 513 1256 solo
544 1215 638 1256 Deo
672 1219 734 1256 est
765 1228 852 1256 non
885 1217 1105 1268 qneriz‘is?
1151 1217 1396 1258 Debemus
1432 1218 1566 1269 enim,

185 1294 188 1295 ’
245 1285 408 1325 laudes
445 1286 670 1326 humanas
715 1291 763 1326 et
808 1285 1081 1326 occasiones
1126 1300 1283 1327 earum
1329 1288 1566 1342 aufugere,

194 1354 435 1398 15dicente
478 1355 625 1395 Paulo
671 1369 810 1409 papa,
855 1355 1004 1408 prima
1047 1356 1209 1398 Tessa.
1254 1356 1315 1407 ΙΙ,
1361 1371 1399 1409 5,
1439 1362 1477 1408 o,
1521 1373 1565 1411 9:

247 1424 409 1477 Neqne,
441 1424 602 1478 inquit,
637 1426 882 1478 aliqnando
910 1426 1096 1476 fuimns
1128 1427 1174 1466 in
1206 1439 1415 1467 sermone
1446 1429 1566 1468 adn—

246 1495 438 1535 lacionis
475 1495 589 1535 sicui
625 1496 762 1546 scitis,
809 1508 947 1547 neque
984 1496 1033 1535 in
1075 1497 1308 1537 occasione
1352 1499 1566 1548 avaricie,

246 1564 370 1605 Dens
419 1566 543 1605 testis
594 1569 669 1614 est,
728 1578 865 1617 neque
915 1569 1148 1617 querentes
1205 1568 1261 1606 ab
1310 1568 1568 1608 hominibus

240 1635 458 1688 gloriam,
503 1639 741 1688 operantes
772 1637 991 1686 continue,
1034 1649 1088 1677 ne
1132 1637 1330 1689 aliquem
1368 1641 1566 1678 vestrum

188 1726 230 1748 20
240 1713 562 1758 gravaremus,
579 1706 927 1759 predicavimns
949 1707 995 1746 in
1018 1707 1140 1746 vobis
1162 1707 1445 1759 evangelium
1468 1707 1564 1748 Dei.

244 1774 305 1815 Et
328 1780 576 1828 antequam
599 1789 725 1829 papa
746 1775 888 1816 fuerit
912 1776 1279 1816 conversacione
1304 1776 1564 1817 contrarius

243 1844 341 1885 vite
361 1844 510 1895 Pauli,
544 1844 797 1886 dimitteret
828 1859 1009 1886 omnem
1043 1844 1346 1896 eleccionem,
1381 1859 1564 1887 omnem

244 1914 580 1967 gloriacionem
605 1921 652 1955 et
675 1929 861 1955 omnem
885 1915 1268 1968 occupacionem⁷
1303 1929 1394 1969 que
1420 1916 1564 1957 hodie

245 1984 551 2038 consequitur
583 1998 733 2038 papas
765 1991 969 2026 nostros.

188 2068 227 2101 25
300 2053 442 2094 Unde
493 2055 663 2097 beatus
712 2054 1049 2108 Crysostomus
1103 2053 1285 2095 Omelia
1336 2054 1564 2095 XXVIII

245 2123 418 2177 Operis
456 2124 729 2177 Imperfecti
774 2137 919 2178 super
961 2124 1127 2165 Matth.
1168 2124 1285 2174 XX⁷
1326 2138 1398 2176 27:
1450 2124 1562 2177 Qni-

243 2206 431 2246 cnmqne
462 2196 653 2235 volnerit
683 2196 801 2235 inter
834 2208 910 2235 vos
934 2196 1123 2248 primns
1156 2207 1259 2245 esse,
1301 2196 1387 2234 erit
1423 2198 1566 2235 vester

241 2270 411 2305 Servus.
446 2263 723 2318 Seanarenz,
761 2264 964 2318 inquam,
998 2266 1261 2317 primatum
1300 2265 1563 2305 desiderare

243 2337 281 2374 et
301 2335 342 2374 si
357 2335 481 2375 racio
504 2347 593 2375 non
616 2339 690 2387 est,
719 2338 871 2376 tamen
894 2348 1036 2376 cansa
1059 2338 1133 2385 est,
1154 2335 1262 2386 qnia
1290 2334 1370 2374 etsi
1391 2335 1562 2374 instnrn

187 2418 228 2450 30
242 2415 330 2444 non
370 2407 444 2454 est,
487 2407 639 2445 tamen
678 2406 785 2445 utile
823 2408 896 2456 est,
937 2406 1199 2457 primatum
1233 2406 1387 2444 antem
1425 2405 1559 2444 eccle-

242 2474 478 2514 siasticum
511 2475 823 2527 concupiscere
855 2487 991 2527 neqne
1013 2475 1139 2515 racio
1164 2477 1225 2514 est
1247 2485 1384 2524 neque
1406 2485 1560 2524 cansa,

243 2543 351 2594 qnia
393 2555 531 2595 neque
582 2545 750 2584 insitam
802 2548 864 2584 est
914 2556 1052 2596 neque
1102 2544 1221 2584 mile.
1281 2542 1391 2595 Qnis
1441 2542 1561 2582 enim

242 2613 427 2665 sapiens
448 2614 566 2653 nltro
598 2626 644 2654 se
675 2614 891 2654 subiceret
921 2613 1126 2653 servituti
1156 2612 1342 2660 laboriS,
1376 2614 1415 2651 et
1444 2612 1562 2663 qnod

312 2771 353 2799 15.
370 2779 476 2807 papa;
495 2771 535 2798 ita
555 2771 622 2799 cod.
698 2771 745 2799 25.
776 2771 874 2799 Codd.
907 2772 936 2798 in
968 2779 1081 2806 marg:
1112 2771 1264 2806 Appelere
1288 2769 1459 2805 primatum
1477 2777 1560 2797 secu-

242 2818 350 2845 larem.
430 2818 479 2846 26.
502 2817 618 2846 Codd.:
639 2818 661 2846 J.
683 2818 796 2846 Manli.
818 2817 883 2846 XX.

314 2902 366 2934 25.
392 2902 497 2933 Recte
524 2902 678 2933 Homilia
704 2902 832 2933 XXXV
858 2912 898 2933 ex
925 2911 997 2943 cap.
1026 2901 1098 2933 XX.

1354 2968 1394 3000 I4

1778 281 1852 307 211

1620 598 1669 626 All
1692 600 1824 632 prelates

1615 633 1727 661 should
1750 634 1828 662 shun

1596 667 1712 696 human
1734 669 1846 703 praise.
