2078 3338
214 296 293 324 100
936 293 1159 326 JOHANle
1186 293 1371 326 WYCLIF
1652 281 1757 339 [ew
1777 293 1817 320 v.

246 408 470 471 &guffchsgltes
563 398 704 439 Unde
749 397 883 439 nimis
933 411 1105 452 magna
1148 398 1351 439 stulticia
1401 398 1525 439 foret
1577 400 1817 453 apostolos

229 477 477 541 'igfflceegtigegne
503 480 777 521 presumere
824 468 933 507 dare
977 467 1067 508 illis
1112 466 1237 508 vasis
1268 467 1521 519 licenciam,
1564 475 1818 522 postquam

210 549 282 574 who
295 546 488 586 nadalseady
505 542 838 591 cognoverunt
889 536 1019 590 quod
1068 537 1201 577 Deus
1252 537 1383 590 prius
1435 537 1566 579 dedit
1623 538 1679 578 ad
1728 540 1819 579 hoc

236 581 470 644 ¹e⁶e¹Gvgfft¹t⁰f
502 606 744 648 licenciam
778 613 824 647 et
855 612 1149 660 preceptum.
1194 606 1421 660 Maniaca,
1458 607 1662 661 inquam,
1695 608 1820 649 foret

507 677 723 729 stulticia,
755 690 842 718 nos
872 678 982 717 dare
1009 676 1251 717 licenciam
1282 677 1460 729 angelis
1490 678 1547 718 ad
1580 691 1818 732 exequen-
1838 682 1853 713 5

505 748 613 789 dum
637 760 770 788 suum
794 746 1013 798 officium,
1035 746 1163 799 quod
1177 747 1310 787 Deus
1324 747 1611 800 preceperit,
1636 747 1821 790 Sufficit

501 818 646 874 igitur
669 816 844 858 Christi
867 815 1118 857 auctoritas
1141 815 1242 856 sive
1265 816 1475 867 licencia,
1509 831 1600 871 qua
1633 818 1823 871 cognita

503 889 617 929 licet
631 900 801 941 rogare
820 892 868 928 et
881 885 1054 927 hortari
1077 886 1133 925 ad
1153 885 1277 926 illam
1293 886 1459 927 sedule
1478 888 1822 941 exequendum.

507 958 642 999 Unde
677 962 870 1011 oportet
901 961 1065 996 notare
1087 968 1175 1008 pro
1200 954 1444 996 intellectu
1471 956 1606 998 istius
1627 957 1822 997 historie

507 1026 771 1081 apostolice
798 1026 1067 1077 benedicte,
1101 1025 1339 1078 quomodo
1362 1026 1627 1079 Apostolus
1659 1026 1826 1081 incipit
1844 1040 1883 1060 10

507 1098 734 1138 calculare
768 1110 794 1137 a
826 1094 1141 1137 conversione
1175 1107 1270 1148 sua,
1305 1095 1363 1135 de
1397 1110 1488 1149 qua
1502 1096 1680 1145 Act...;
1712 1102 1824 1137 tunc

506 1167 629 1208 enim
663 1171 949 1221 segregatus
992 1165 1081 1205 fuit
1124 1177 1186 1204 ex
1229 1169 1364 1206 utero
1395 1166 1554 1207 matris
1586 1179 1670 1207 sue
1693 1180 1826 1220 syna-

505 1251 646 1294 goge,
684 1249 772 1290 pro
807 1236 938 1277 cuius
973 1234 1252 1275 defensione
1289 1235 1542 1277 infideliter
1573 1236 1824 1285 laboravit;

508 1314 556 1349 et
597 1306 706 1348 hinc
751 1311 891 1347 vocat
936 1319 987 1346 se
1033 1305 1186 1358 ipsum
1231 1305 1488 1347 abortivum
1532 1306 1682 1359 prima
1721 1306 1824 1349 Cor.

506 1376 616 1430 XV,
678 1380 721 1417 8:
784 1376 1050 1426 Novissime,
1110 1375 1279 1428 inquit,
1341 1379 1574 1428 tamquam
1627 1377 1827 1417 abortivo
1848 1378 1884 1409 15

511 1447 715 1490 Christus
746 1447 869 1488 visus
900 1449 962 1486 est
993 1446 1147 1497 michi,
1183 1444 1292 1498 quia
1323 1446 1382 1485 de
1413 1452 1558 1486 matre
1591 1459 1675 1487 sua
1696 1459 1827 1499 syna-

512 1530 642 1570 goga
674 1515 850 1570 prodiit
882 1515 986 1569 ipsa
1008 1515 1230 1556 ocasione
1251 1514 1374 1555 illius
1405 1515 1561 1556 exitus
1583 1522 1828 1569 pereunte,

511 1587 631 1640 quia,
672 1592 724 1627 ut
755 1584 923 1626 dicitur
954 1585 1060 1626 Act.
1094 1585 1181 1635 IX,
1220 1598 1287 1625 10:
1341 1586 1516 1626 Mansit
1552 1598 1656 1626 cum
1689 1587 1828 1626 disci-

502 1658 631 1710 pulis
674 1657 830 1696 diebus
872 1656 1060 1707 aliquo&
1114 1667 1233 1708 quos
1278 1654 1401 1697 absit
1445 1656 1638 1695 credere
1682 1655 1829 1696 fuisse

511 1726 767 1780 apostolos,
813 1730 861 1765 et
894 1724 1115 1765 continue
1145 1726 1149 1777 Ι
1176 1724 1498 1766 invalescebat
1538 1724 1830 1765 confundens
1874 1723 1952 1759 185d

510 1795 689 1847 Judeos
733 1800 933 1848 propter
980 1807 1185 1834 amorem
1216 1794 1423 1846 indubie,
1468 1807 1561 1847 quo
1600 1793 1832 1834 dilexerat

511 1870 704 1905 matrem
738 1877 878 1904 suam.

247 1938 471 2001 {gffsgfissgssgss
570 1935 645 1974 Ex
686 1934 788 1974 istis
823 1932 1072 1986 colligitur,
1113 1934 1243 1986 quod
1282 1933 1403 1974 sicut
1436 1947 1598 1974 omnes
1631 1933 1833 1987 apostoli

236 2008 491 2071 mutglrffssgfvioe
514 2010 674 2058 preter
696 2002 913 2045 Scarioth
937 2008 1068 2043 erant
1091 2003 1206 2043 socii
1229 2003 1319 2045 sibi
1343 2003 1638 2054 obedientes,
1651 2004 1831 2043 honore

253 2077 312 2105 and
334 2078 465 2104 honour.
513 2073 715 2113 invicem
746 2072 1084 2126 prevenientes
1119 2078 1165 2112 et
1198 2071 1469 2126 superiores
1490 2072 1692 2113 invicem
1717 2072 1831 2112 arbi·
1847 2075 1888 2107 25

515 2148 707 2192 trantes,
743 2142 822 2195 qui
852 2141 1102 2182 immediate
1135 2155 1160 2181 a
1181 2142 1286 2182 Deo
1307 2147 1593 2195 potestatem
1627 2147 1672 2182 et
1693 2141 1832 2182 licen-

518 2213 632 2253 ciam
678 2213 734 2252 ad
779 2211 1195 2265 evangelizandum
1236 2217 1544 2265 acceperunt;
1590 2211 1658 2253 sic
1690 2212 1835 2253 debet

519 2295 625 2323 esse
671 2282 729 2321 de
776 2281 1103 2322 sacerdotibus
1150 2286 1198 2321 et
1229 2281 1468 2335 episcopis
1513 2280 1714 2322 ecclesie
1745 2280 1833 2321 iam

518 2350 747 2399 instantis,
780 2351 844 2391 ita
868 2351 997 2404 quod
1020 2350 1270 2404 disparitas
1294 2350 1539 2391 ditacionis
1563 2350 1834 2391 societatem

241 2424 493 2494 S‘grssfflssn‘gm
521 2426 568 2461 et
600 2420 851 2461 amiciciam
876 2419 1197 2475 evangelicam
1226 2434 1321 2461 non
1344 2420 1587 2472 dissolvet,
1621 2419 1728 2473 quia
1749 2433 1835 2473 per
1852 2424 1893 2456 30

265 2494 392 2529 bishops
413 2493 463 2521 d0-
518 2491 643 2531 idem
678 2489 890 2531 Christus
922 2503 1010 2543 per
1041 2489 1268 2543 possibile
1299 2503 1643 2531 reconversans
1675 2489 1833 2530 nobis-

522 2572 638 2611 cum,
683 2561 944 2599 observans
989 2559 1164 2599 scolam
1208 2573 1338 2600 suam
1383 2573 1445 2600 ex
1487 2559 1674 2614 integro
1715 2558 1836 2599 sicut

523 2628 643 2679 olim,
680 2642 776 2668 non
812 2629 1010 2669 haberet
1040 2641 1210 2681 papam
1242 2629 1321 2669 vel
1361 2629 1546 2669 dotatos
1579 2627 1836 2681 episcopos

527 2696 685 2738 socios
717 2698 794 2738 vel
827 2698 1002 2738 amicos
1036 2698 1121 2738 sed
1153 2697 1383 2748 dominos,
1424 2697 1594 2751 quibus
1626 2697 1836 2737 solveret

523 2767 749 2808 tributum
782 2767 902 2808 sicut
934 2767 1043 2808 olim
1075 2767 1185 2808 fecit
1218 2767 1376 2808 cesari.
1427 2767 1536 2808 Non
1569 2765 1690 2807 enim
1730 2771 1892 2807 con-35

595 2933 622 2953 2.
644 2926 743 2959 vasis,·
762 2926 803 2953 ita
823 2926 893 2953 cod.
