2078 3338
269 271 350 309 310
994 265 1217 298 JOHANle
1243 264 1428 296 WYCLIF
1688 252 1794 304 [CAP.
1814 260 1865 289 x1.

555 370 829 424 utrobique;
853 369 997 423 igitur
1020 369 1142 410 sicut
1162 368 1273 408 licet
1293 368 1430 421 layco
1453 372 1651 421 propter
1664 367 1866 408 necessi-

553 447 698 483 tatem
729 439 1005 481 sacramenti
1036 438 1295 479 ministrare
1326 436 1623 490 baptismum,
1657 436 1724 477 sic
1754 442 1801 477 et
1820 436 1868 477 in

557 523 667 551 casu
698 507 995 550 necessitatis
1032 507 1145 547 licet
1182 506 1272 547 sibi
1308 505 1568 546 ministrare
1601 505 1692 545 alia
1722 518 1867 546 sacra-

554 583 723 620 menta.
754 578 1061 618 Antecedens
1084 576 1273 617 videtur
1305 589 1367 616 ex
1397 575 1502 625 hoc,
1535 575 1664 627 quod
1694 575 1869 615 nullum

555 648 752 688 istorum
798 645 803 694 1
851 651 1249 686 sacramentorum
1309 649 1382 684 est
1437 643 1755 684 necessarium
1813 644 1870 684 ad
1915 648 1996 681 238ο

558 718 756 758 salutem
789 715 878 756 nisi
908 715 1193 756 necessitate
1227 727 1289 754 ex
1321 712 1671 767 supposicione.

310 787 496 815 Distinction
612 786 704 826 Hic
747 785 915 826 dicitur
947 785 1077 838 quod
1119 783 1311 824 materia
1351 782 1442 823 ista
1478 782 1674 836 requirit
1710 783 1869 823 funda-

334 823 470 849 between

296 856 430 892 13ξίΜΞΝ]
452 856 511 883 and
555 856 698 897 bilem
744 855 1115 896 declaracionem
1164 859 1564 894 sacramentorum
1617 866 1722 893 cum
1772 853 1869 894 suis

304 892 505 953 saegaatsseerms'
556 925 871 980 passionibus.
903 924 1020 965 Ideo
1055 929 1283 977 opportet
1304 923 1474 963 leviter
1506 928 1552 963 et
1582 922 1794 963 breviter
1823 923 1871 963 in

554 995 656 1037 istis
688 1000 1018 1036 transcurrere.
1056 993 1258 1035 Videtur
1291 992 1411 1033 enim
1451 993 1579 1046 quod
1608 992 1869 1046 baptismus
1891 1007 1929 1027 10

554 1066 698 1105 habet
719 1064 943 1105 maiorem
957 1063 1283 1104 auctoritatem
1305 1062 1539 1115 scripture
1555 1075 1693 1115 quam
1707 1067 1873 1102 nostra

554 1134 822 1188 penitencia
876 1132 1142 1174 humanitus
1195 1130 1673 1173 circumstancionata.
1732 1130 1872 1171 Unde

555 1204 745 1245 videtur
774 1202 926 1253 michi,
960 1203 1089 1256 quod
1121 1202 1241 1242 sicut
1272 1215 1368 1242 non
1400 1207 1474 1241 est
1501 1200 1732 1254 possibile
1764 1214 1871 1254 pec-

557 1278 759 1314 catorem
782 1272 952 1313 salvari
981 1271 1071 1312 nisi
1101 1271 1369 1325 baptizetur
1396 1270 1633 1324 baptismo
1663 1269 1871 1321 flaminis,

556 1344 623 1384 sic
669 1356 758 1383 nec
808 1347 881 1382 est
930 1341 1164 1395 possibile
1218 1346 1521 1395 peccatorem
1570 1339 1737 1380 salvari
1786 1339 1875 1380 nisi
1895 1344 1928 1376 15

323 1435 492 1463 Pennence.
555 1418 712 1454 mente
743 1411 976 1466 peniteat3
1010 1416 1335 1452 verumtamen
1363 1409 1552 1450 videtur
1591 1409 1719 1463 quod
1749 1410 1874 1449 nulla

556 1482 791 1536 scriptura
835 1482 997 1523 obviat
1040 1481 1124 1521 sed
1169 1485 1409 1531 consonat,
1455 1479 1585 1532 quod
1623 1483 1872 1532 quantum-

558 1566 759 1606 cumque
797 1552 956 1606 gravis
994 1555 1221 1605 peccator
1250 1549 1299 1590 in
1328 1549 1422 1589 fine
1461 1548 1688 1589 contritus
1719 1548 1873 1600 fuerit,

557 1628 606 1663 et
657 1622 696 1663 si
738 1622 915 1662 nullum
959 1621 1256 1662 sacerdotem
1303 1633 1464 1660 secum
1510 1624 1872 1659 conversantem

558 1691 847 1732 consuluerit
875 1697 954 1731 aut
981 1696 1178 1744 peccata
1200 1703 1283 1730 sua
1305 1688 1624 1730 auriculariter
1647 1688 1691 1729 ei
1713 1694 1872 1730 osten·
1890 1703 1932 1724 20

559 1761 680 1803 derit
703 1766 749 1802 et
773 1760 973 1802 dicendo
996 1761 1143 1801 verba
1162 1759 1427 1800 humanitus
1459 1759 1654 1799 inventa
1685 1771 1873 1799 manum

558 1845 703 1885 super
736 1836 877 1884 caput
907 1830 1164 1884 penitentis
1186 1828 1476 1883 imposuerit,
1507 1841 1603 1868 non
1636 1841 1691 1868 eo
1723 1827 1874 1869 minus

556 1914 644 1954 per
695 1900 1042 1941 absolucionem
1077 1898 1250 1940 Christi
1293 1912 1433 1952 quem
1476 1902 1703 1951 opportet
1744 1897 1876 1952 prius

558 1970 808 2011 absolvere
841 1975 913 2010 est
942 1982 1055 2010 vere
1085 1970 1142 2009 de
1172 1981 1367 2008 numero
1391 1968 1734 2020 salvandorum,
1767 1967 1877 2021 quia

559 2040 868 2081 communiter
907 2039 956 2080 in
1002 2038 1293 2080 contricione
1325 2037 1602 2092 precedenti
1629 2042 1877 2090 peccatum
1894 2041 1933 2074 25

558 2110 742 2151 deletur
766 2123 791 2149 a
814 2109 1034 2151 Domino.
1067 2109 1399 2149 Verumtamen
1424 2106 1713 2148 meritorium
1735 2111 1876 2160 atque

350 2188 464 2228 Ver-bal
556 2179 837 2233 legittimum
883 2184 957 2219 est
1002 2178 1216 2219 confiteri
1259 2178 1517 2218 secundum
1560 2176 1757 2217 formam
1787 2176 1876 2216 iam

281 2223 532 2294 Εοὲξῖῗιῗῑῖιέοῒ
561 2254 826 2289 currentem
870 2247 1159 2302 presbitero,
1243 2247 1328 2287 sed
1397 2245 1877 2300 preternecessarium

322 2301 498 2329 necessary.
561 2319 718 2372 quoad
749 2317 1078 2368 salvacionem,
1124 2322 1172 2357 et
1213 2317 1326 2358 licet
1363 2316 1603 2371 posterius
1635 2316 1876 2357 sufficiens

562 2394 610 2429 et
640 2388 891 2441 negligens
937 2387 1148 2428 confiteri
1178 2386 1373 2441 proprio
1418 2386 1651 2427 sacerdoti
1681 2385 1878 2426 incurrit
1893 2391 1935 2423 30

561 2457 789 2498 offensam
819 2456 1024 2508 Domini,
1069 2462 1222 2497 tamen
1266 2456 1344 2497 illa
1376 2456 1558 2497 offensa
1587 2469 1674 2510 per
1707 2455 1875 2496 contri-

561 2527 744 2567 cionem
776 2526 926 2567 anime
956 2531 1122 2580 potest
1150 2526 1266 2578 tolli,
1305 2527 1430 2566 unde
1469 2526 1674 2567 officium
1704 2525 1876 2579 prelati

560 2596 685 2637 foret
717 2596 971 2638 ostendere
1002 2596 1269 2637 libertatem
1294 2595 1466 2637 Christi
1490 2595 1689 2636 ecclesie
1712 2600 1760 2636 et
1780 2607 1876 2635 uon

632 2810 676 2830 12.
698 2802 799 2830 Codd.
820 2802 850 2830 in
872 2810 987 2838 marg:
1017 2802 1195 2837 Baptzsmus
1217 2802 1353 2837 flaminis
1379 2805 1425 2830 est
1447 2802 1644 2830 necessarius
1668 2802 1710 2829 ad
1733 2801 1873 2828 salutem.

562 2849 603 2877 16.
628 2849 665 2876 B:
685 2851 824 2876 mentem.
900 2849 948 2877 26.
967 2848 1065 2877 Codd.
1081 2849 1112 2876 in
1128 2857 1242 2884 marg:
1261 2848 1426 2885 Confessio
1441 2848 1631 2877 auricularis
1644 2851 1686 2875 est
1699 2847 1872 2875 meritoria.

561 2902 609 2929 27.
632 2895 672 2923 B:
693 2897 737 2922 est
756 2895 848 2922 deest.
