2078 3338
163 261 253 290 CAP.
276 255 361 306 xli]
563 267 623 299 DE
649 268 932 302 POTESTATE
958 271 1088 303 PAPE.
1687 277 1769 316 359

162 370 344 410 decime
379 376 426 411 et
457 371 779 424 obligaciones
812 378 920 413 sunt
952 374 1125 417 debite.
1168 375 1284 416 Ideo
1318 390 1479 418 omnes

160 440 445 481 tradiciones
491 441 692 482 ecclesie
736 443 1097 497 malignancium
1140 458 1234 486 non
1277 454 1481 500 possunt

161 509 356 550 fundare
394 511 522 563 quod
565 517 766 565 propter
796 512 932 553 istam
965 514 1234 555 decenciam
1272 518 1479 570 populus

159 593 246 632 per
278 593 500 620 censuras
535 581 879 622 ecclesiasticas
913 584 969 623 ad
993 584 1064 624 sui
1087 584 1383 638 dispendium
1407 593 1480 627 est

127 657 142 688 5
161 650 417 701 terrendus,
451 650 564 704 quin
594 652 761 705 pocius
784 657 985 706 propter
1008 653 1311 695 omissionem
1334 657 1478 710 negli—

158 725 349 772 gentem
382 720 672 761 defensionis
704 722 863 775 legum
897 723 1098 764 ecclesie
1127 729 1174 764 et
1196 737 1479 766 consensum

158 790 413 829 vecordem
458 790 796 832 tradicionibus
853 793 1044 832 sathane
1098 799 1172 834 est
1223 807 1248 834 a
1293 794 1477 836 Christo

157 859 246 899 nisi
277 859 602 913 resipiscendo
634 861 847 914 peniteat
875 862 1305 916 condempnandus.
1337 864 1478 905 Unde

156 928 260 983 regi
304 935 351 969 et
396 943 547 983 regno
582 931 727 970 debet
761 944 866 971 esse
898 931 1179 985 principium
1218 934 1348 986 quod
1381 934 1477 987 qui-

105 1016 141 1036 10
158 1012 357 1052 cumque
374 999 573 1040 clericus
589 1001 666 1040 vel
686 1001 850 1054 laycus
867 1001 1107 1042 intraneus
1122 1003 1199 1042 vel
1223 1008 1477 1044 extraneus

154 1069 292 1109 istam
323 1068 571 1109 veritatem
617 1070 815 1110 edoctus
861 1076 908 1111 et
949 1085 1200 1112 remanens
1247 1073 1477 1114 mediator

156 1139 233 1178 vel
265 1145 546 1192 procurator
577 1140 956 1181 subtraccionem
984 1141 1119 1182 istam
1141 1143 1475 1196 precipuorum

155 1210 385 1249 bonorum
416 1209 551 1262 regni
582 1222 841 1262 procurans
874 1216 986 1263 post
1018 1211 1331 1252 monicionem
1363 1212 1475 1267 legi-

154 1278 312 1319 timam
355 1284 589 1332 tamquam
633 1279 850 1332 proditor
882 1281 959 1321 vel
1002 1281 1152 1321 hostis
1195 1282 1331 1337 regni
1370 1284 1474 1322 sub-

103 1349 292 1391 15dolus
326 1353 400 1389 est
432 1349 713 1390 censendus.

212 1419 291 1459 Ad
337 1418 674 1459 destruendum
716 1418 876 1472 itaque
920 1420 1039 1460 hanc
1079 1420 1474 1462 antichristianam
1490 1433 1756 1468 Appropriations

154 1488 357 1529 heresim
402 1488 546 1528 debet
590 1494 694 1529 tota
733 1488 934 1529 ecclesia
977 1490 1202 1531 laborare.
1256 1491 1317 1531 Et
1347 1491 1472 1532 idem
1517 1468 1629 1530 {¹32}ssssss
1649 1477 1739 1539 {151²}ss

154 1558 343 1599 videtur
364 1557 502 1598 michi
531 1558 752 1598 iudicium
778 1559 835 1598 de
860 1559 1177 1612 appropriatis
1203 1561 1473 1602 elemosinis
1517 1545 1542 1564 ¹5
1564 1542 1618 1566 not
1639 1539 1730 1566 done'

154 1629 233 1668 vel
255 1628 528 1682 prebendis,
560 1628 936 1682 quibuscumque
962 1630 1373 1671 communitatibus
1397 1632 1474 1671 vel

98 1717 139 1738 ρο
153 1697 372 1752 personis
407 1697 648 1738 extraneis
681 1698 759 1738 vel
789 1698 1012 1738 intraneis
1037 1699 1247 1740 debitum
1271 1701 1473 1741 ecclesie

155 1768 359 1808 officium
391 1767 664 1808 notabiliter
697 1768 1099 1819 subtrahentibus,
1133 1783 1243 1822 ymo
1278 1771 1334 1810 de
1367 1784 1472 1823 per-

152 1839 310 1892 petuis
348 1838 614 1879 redditibus
640 1838 820 1878 collatis
855 1837 1047 1890 clericis,
1081 1845 1131 1879 ut
1165 1853 1284 1893 sepe
1318 1840 1468 1893 tetigi.

210 1908 271 1949 Et
293 1914 516 1962 quantum
540 1908 598 1948 ad
627 1908 837 1948 ultimum
859 1909 1132 1959 membrum,
1164 1909 1211 1949 in
1234 1923 1327 1963 quo
1348 1909 1472 1951 iacet

154 1979 420 2029 difficultas,
467 1978 744 2019 conceditur
790 1978 918 2031 quod
962 1978 1213 2019 occasione
1247 1980 1366 2020 male
1398 1993 1470 2020 ac-

36 2055 116 2087 250c
154 2054 297 2103 cepta
329 2047 333 2104 Ι
370 2049 657 2089 decimantes
691 2053 903 2087 erranter
936 2049 1234 2091 excederent.
1297 2048 1392 2089 Sed
1424 2050 1470 2089 in
1520 2058 1727 2095 Tithepayers

1441 2119 1449 2127 ,
1494 2094 1594 2129 might
1613 2103 1672 2129 err,
1695 2096 1744 2123 but

152 2124 286 2173 parte
330 2119 475 2159 altera
516 2118 639 2158 iacet
680 2118 1111 2170 incomparabiliter
1155 2119 1301 2159 maius
1347 2133 1469 2172 perl-
1502 2129 1748 2199 {ffirgeirsoffffiee

153 2190 305 2229 culum
338 2193 402 2239 ut,
435 2188 594 2242 posito
624 2188 753 2240 quod
785 2188 976 2228 tollatur
999 2202 1024 2228 a
1047 2188 1173 2228 clero
1198 2188 1468 2239 decimacio,
1512 2200 1617 2261 Igu&
1636 2200 1733 2262 {igss'st

152 2259 274 2299 sicut
305 2259 560 2299 tollebatur
593 2271 617 2297 a
651 2256 836 2297 Christo
871 2263 917 2298 et
950 2258 1046 2298 suis
1080 2258 1325 2311 apostolis,
1366 2272 1470 2298 cum
1483 2269 1747 2338 caszltigcletcffergy

150 2329 238 2369 fuit
279 2329 434 2382 legale
477 2327 599 2380 legis
632 2327 821 2379 veteris,
868 2340 972 2367 cum
1015 2341 1110 2367 non
1155 2328 1320 2369 debuit
1356 2334 1468 2368 tunc
1484 2338 1752 2401 ττὲῗῖῑὲιιιδῗῑιὲῐεὲιῖιξὲ

96 2404 393 2440 30remanere
437 2398 526 2438 nisi
571 2397 832 2437 secundum
875 2397 1185 2438 moralitatem
1228 2398 1467 2449 inclusam,
1544 2408 1688 2443 apostles.

151 2470 301 2510 adhuc
334 2468 519 2509 viveret
563 2468 715 2507 clerus
761 2468 1019 2507 secundum
1058 2468 1264 2521 privatas
1298 2468 1468 2508 elemo-

151 2539 275 2580 sinas
317 2544 368 2579 ut
408 2544 625 2591 tempore
660 2536 843 2588 Christi,
891 2543 939 2578 et
981 2538 1287 2591 postmodum
1318 2538 1467 2591 magis

150 2609 438 2649 fructificans
481 2621 570 2648 nec
602 2613 675 2648 tot
708 2607 948 2661 episcopis
982 2612 1194 2661 egerent,
1238 2612 1291 2647 ut
1323 2608 1465 2647 modo

149 2684 350 2733 propter
392 2678 657 2731 penuriam;
706 2683 754 2718 et
785 2677 865 2729 *sic
905 2690 1135 2717 concesso
1168 2677 1370 2717 maximo
1402 2677 1464 2717 in-

94 2751 133 2784 35
151 2747 455 2789 convenienti
485 2747 622 2787 huius
654 2747 803 2800 partis
841 2747 964 2787 foret
995 2746 1230 2787 modicum
1267 2746 1314 2785 in
1344 2760 1464 2786 com-

220 2860 269 2889 25.
291 2861 408 2895 Codd.;
431 2861 590 2889 excedere.
713 2868 758 2896 29.
784 2860 882 2888 Codd.
911 2862 941 2888 in
963 2867 1077 2895 marg:
1105 2859 1228 2887 Decime
1252 2862 1321 2886 sunt
1345 2859 1466 2895 legales

149 2909 231 2943 legis
250 2907 369 2935 veteris.
