2078 3338
328 264 411 313 396
1057 279 1280 312 JOHANNJS
1307 281 1491 313 WYCLIF
1732 272 1838 330 [CAP.
1864 285 1928 312 ΧΠ.

344 386 585 450 mgKhffglgoeme
617 380 831 422 orientali
876 383 1084 435 ecclesia,
1129 390 1386 438 propterea
1428 386 1582 440 ipsum
1612 390 1778 432 laudat.
1831 390 1930 445 Ipsi

327 457 453 484 Eastern
464 457 600 485 Church-
617 451 738 491 enim
760 456 811 491 ut
832 451 1001 493 fratres
1026 454 1083 493 de
1106 459 1228 495 statu
1253 457 1630 508 exproprietario
1660 472 1760 499 cum
1783 461 1928 501 iubilo

614 522 769 562 Deum
801 522 1003 563 laudant.
1036 523 1138 563 Nec
1173 529 1244 564 est
1277 525 1418 575 color,
1457 526 1496 567 si
1527 527 1631 568 talis
1665 529 1927 571 dominacio

615 592 692 631 vel
724 591 883 632 mundi
913 592 1064 647 gloria
1094 593 1310 634 videatur
1336 595 1555 647 preciosa
1576 597 1861 640 febricitanti
1882 599 1929 639 in

616 661 767 701 animo
797 661 928 702 cuius
951 661 1144 702 affeccio
1175 663 1448 704 discrasiata
1468 679 1563 706 non
1583 667 1706 720 sapit
1727 668 1929 720 celestia,
1947 674 1964 708 5

615 737 874 784 propterea
911 731 979 772 sic
1018 737 1090 772 est
1128 733 1187 772 de
1224 733 1303 773 illo
1343 740 1391 774 et
1429 735 1528 775 eius
1567 737 1790 790 opposito
1823 751 1928 779 sen-

618 800 845 850 ciendum,
870 800 978 854 quia
1001 807 1194 854 oportet
1214 802 1400 843 fidelem
1426 805 1620 846 credere
1643 805 1689 846 in
1713 807 1929 849 omnibus

616 884 730 911 sano
757 871 914 923 palato
946 876 993 911 et
1019 870 1191 912 iudicio
1216 871 1356 913 Ihesu
1385 874 1545 915 nostri.
1580 875 1680 916 Nec
1714 889 1930 917 cecemur

614 940 661 980 in
692 940 798 992 isto,
837 941 966 994 quod
999 941 1227 982 dominari
1258 943 1324 983 sic
1359 944 1632 986 seculariter
1663 945 1723 986 sit
1752 946 1928 987 licitum

615 1023 667 1050 ac
700 1010 1000 1061 meritorium,
1037 1011 1146 1051 ideo
1188 1013 1408 1066 congruit
1440 1014 1566 1054 clero
1606 1021 1783 1067 nostro,
1823 1017 1987 1070 quiam

615 1080 683 1120 sic
727 1093 934 1133 purgare
981 1081 1170 1121 latrinas
1210 1081 1331 1123 foret
1370 1083 1437 1123 eis
1477 1085 1777 1126 conveniens.
1833 1086 1930 1128 Sed

615 1149 672 1203 (si
709 1163 804 1190 non
843 1150 995 1203 fallor)
1039 1150 1196 1191 facere
1233 1151 1346 1192 illud
1385 1153 1589 1193 officium
1631 1154 1757 1195 foret
1801 1157 1927 1197 clero

614 1221 764 1261 minus
786 1220 1109 1273 inconsonum,
1125 1235 1261 1274 quam
1277 1222 1344 1262 sic
1367 1223 1594 1264 dominari
1608 1226 1929 1275 terrestribus,

616 1304 707 1344 que
730 1291 995 1344 Apostolus
1017 1297 1158 1331 vocat
1179 1297 1405 1342 stercora,
1440 1306 1543 1333 cum
1566 1307 1653 1334 nec
1678 1293 1802 1336 foret
1822 1296 1928 1336 Deo

614 1365 791 1400 tantum
825 1359 1080 1413 displicens
1111 1373 1200 1400 nec
1230 1361 1346 1401 adeo
1376 1362 1541 1403 ledens
1569 1368 1784 1404 mentem.
1951 1368 1985 1400 15

381 1431 552 1501 „Yggfflf'gf
672 1429 769 1470 Ista
783 1443 931 1483 pauca
946 1430 1154 1481 dixerim,
1178 1431 1263 1471 alia
1276 1431 1535 1483 recitative,
1551 1433 1640 1474 alia
1653 1435 1929 1487 reputative,

361 1492 509 1534 intention
532 1512 562 1534 to
616 1501 843 1541 assertive
879 1501 935 1540 ad
970 1501 1199 1541 honorem
1232 1501 1389 1542 matris
1424 1503 1647 1555 ecclesie;
1697 1504 1822 1545 unde
1859 1517 1931 1544 su-

363 1538 562 1606 bgenrffissrtiigd
613 1584 699 1624 per
732 1570 947 1612 omnibus
986 1570 1122 1611 dictis
1159 1571 1275 1612 meis
1312 1572 1359 1612 in
1402 1572 1491 1613 ista
1532 1574 1723 1614 materia
1759 1581 1930 1616 testem

391 1610 529 1649 munel„
618 1640 915 1681 consciencie
937 1655 1041 1681 mee
1056 1641 1228 1682 invoco
1246 1643 1399 1683 Deum
1414 1657 1581 1695 meum,
1597 1645 1723 1697 quod
1736 1644 1929 1685 intendo

617 1712 767 1765 primo
799 1713 1027 1752 honorem
1061 1718 1108 1752 et
1139 1712 1387 1753 utilitatem
1416 1719 1576 1754 sancte
1598 1714 1756 1754 matris
1779 1715 1929 1754 eccle·
1948 1727 1989 1747 20

617 1782 705 1831 sie,
752 1782 811 1822 ad
841 1783 932 1822 hoc
966 1781 1086 1822 enim
1119 1783 1356 1836 obligatur
1387 1783 1681 1825 strictissime
1719 1798 1779 1824 ex
1810 1798 1931 1824 man-

619 1853 729 1893 dato
746 1852 936 1893 Domini
958 1851 1158 1905 quilibet
1186 1852 1478 1904 christianus,
1513 1866 1617 1893 cum
1645 1852 1649 1907 Ι
1679 1854 1930 1907 quoddam·
1974 1855 2050 1899 259⁸

618 1923 754 1963 modo
778 1922 957 1962 infinite
979 1923 1086 1975 plus
1111 1922 1339 1964 debemus
1362 1929 1556 1963 matrem
1588 1909 1713 1963 illarri
1733 1923 1931 1976 diligere

619 2005 754 2045 quam
778 1997 1001 2045 parentes
1026 1993 1232 2032 carnales
1247 1993 1323 2032 vel
1345 1992 1622 2046 temporalia
1643 1998 1723 2033 aut
1744 1998 1932 2034 nosmet

616 2062 761 2115 ipsos.
793 2061 994 2102 Intendo
1029 2062 1237 2101 secundo
1272 2063 1400 2115 quod
1431 2062 1582 2102 honor
1614 2068 1662 2102 et
1682 2062 1929 2115 profectus
1946 2065 1986 2097 25

616 2131 827 2185 predicte
859 2131 1033 2172 femine
1072 2137 1164 2172 stat
1193 2131 1514 2185 principaliter
1551 2132 1597 2171 in
1630 2132 1929 2172 similitudine

338 2218 441 2247 which
462 2220 487 2247 js
509 2224 589 2247 „1051
618 2202 931 2243 conversandi
976 2208 1023 2242 et
1066 2202 1296 2255 sequendi
1329 2215 1554 2255 sponsum
1593 2202 1805 2254 ecclesie,
1851 2216 1928 2242 ex-

347 2258 509 2322 ’ζῇῐᾷζῇξῇ
530 2258 588 2324 ᾞἸνά
618 2272 846 2313 cuciendo
887 2285 1050 2312 omnes
1088 2271 1371 2312 tradiciones
1408 2273 1631 2312 humanas
1682 2277 1928 2312 extraneas

351 2327 579 2401 {Jffi‘gggosse
617 2355 708 2394 que
742 2342 798 2381 ab
833 2341 1146 2395 expedicione
1177 2341 1299 2382 illius
1331 2341 1510 2381 itineris
1531 2341 1835 2381 retardarent.
1869 2341 1929 2381 Et

619 2426 721 2452 cum
759 2411 848 2453 ista
887 2413 1022 2451 ambo
1061 2412 1154 2452 sint
1185 2411 1365 2451 articuli
1396 2411 1506 2451 fidei
1540 2411 1799 2463 christiane,
1837 2424 1929 2463 que
1946 2414 1987 2445 30

619 2482 775 2522 cuncti
809 2482 974 2521 fideles
998 2481 1116 2521 ultra
1141 2480 1411 2533 opinionem
1444 2479 1742 2532 magnificare
1768 2485 1928 2520 tenen-

616 2558 691 2591 tur
729 2564 781 2591 ac
823 2564 926 2591 cum
970 2551 1016 2590 in
1048 2549 1212 2590 mediis
1266 2551 1322 2589 ad
1353 2551 1478 2590 hunc
1508 2549 1648 2589 finem
1700 2549 1930 2605 contingit

688 2684 732 2712 19,
755 2684 803 2703 20.
821 2675 853 2703 C.
876 2674 966 2710 (Cod.
988 2674 1037 2709 XI,
1058 2674 1092 2701 Ε.
1114 2674 1156 2709 3):
1184 2676 1256 2710 quia
1284 2675 1408 2702 intendo
1433 2675 1573 2710 primum.
1659 2673 1708 2702 23.
1736 2673 1774 2701 C:
1796 2674 1928 2709 infinito.

617 2732 665 2758 24.
687 2722 726 2751 C:
748 2723 902 2751 carnalia.
976 2721 1024 2750 32.
1046 2720 1163 2749 Codd.:
1183 2729 1221 2748 ac
1240 2725 1351 2749 lamen.

690 2795 740 2828 15.
767 2794 819 2827 Cf.
837 2793 996 2836 W'yclif's
1014 2794 1289 2825 Protestationes
1316 2793 1350 2837 (e
1375 2794 1451 2826 cod.
1471 2793 1564 2827 univ.
1583 2793 1766 2835 Pragensis
1782 2793 1826 2824 XI
1845 2791 1873 2824 E
1893 2793 1927 2836 3)

615 2856 806 2896 impressae
832 2862 892 2894 per
910 2852 1170 2883 Condentinum
1190 2852 1316 2892 Hofler,
1343 2852 1445 2883 Anna
1462 2862 1531 2882 von
1553 2850 1785 2893 l.uxemburg‚
1813 2850 1927 2882 Deuk-

615 2911 779 2945 schriften
805 2911 865 2942 der
892 2911 1034 2942 Wiener
1058 2909 1249 2941 Akademie
1275 2910 1346 2952 XX,
1379 2919 1451 2951 147.
