2078 3338
236 242 326 271 CAP.
346 232 417 290 v1.]
636 245 695 276 DE
721 245 1006 277 POTESTATE
1031 247 1164 279 PAPE.
1774 253 1848 290 113

236 355 334 392 tate
365 349 444 389 vel
475 349 665 390 racione
698 348 783 401 sui,
818 349 905 389 sed
935 349 1128 390 racione
1160 352 1391 392 sermonis
1423 352 1561 405 primi

237 419 448 470 dicentis,
479 418 716 459 credenda
738 424 812 459 est
832 419 1011 459 veritas
1034 433 1173 473 quam
1190 420 1298 474 ipse
1319 421 1562 463 balbuciet

235 488 528 530 menciendO.
559 488 758 528 Revera
780 487 861 541 qui
890 488 1138 529 convictus
1171 495 1246 530 est
1275 490 1483 531 mendax
1513 491 1561 532 in

235 571 384 612 opere
427 557 505 598 vel
548 570 782 609 sermone7
827 562 1076 610 antequam
1119 558 1396 612 purificetur
1435 561 1560 614 quic-

203 627 350 681 5quid
382 626 558 667 dixerit
590 631 665 667 est
696 632 983 680 suspectum.

292 697 426 748 Item,
470 696 510 737 si
553 695 754 749 quilibet
790 709 915 750 papa
957 697 1156 738 haberet
1198 703 1375 739 tantam
1417 704 1558 752 pote-
1598 712 1627 739 If
1644 712 1696 752 me
1717 713 1824 748 pope⁷s

235 772 406 808 statem
459 765 709 807 edificandi
761 766 1007 807 ecclesiam
1058 772 1107 808 et
1158 767 1385 821 quicquid
1438 766 1560 809 aliud
1609 748 1823 817 fflffissffssffie

234 836 438 878 faciendi
470 850 576 877 cum
607 836 784 878 sanctis
817 836 1047 890 apostolis
1081 842 1128 878 et
1160 851 1265 878 cum
1297 851 1393 878 non
1421 852 1558 879 exce·
1608 817 1826 892 wgfiicieiagsqf

119 911 198 956 189⁸
236 905 1006 961 deretMattheum‚Johannem{et
1021 912 1209 948 ceteros
1225 908 1341 948 citra
1350 908 1558 960 Petrum,
1583 888 1845 950 moffiasslufflgrny

182 992 220 1013 10
234 977 422 1018 videtur
445 977 587 1030 quod,
611 976 734 1017 sicut
755 989 919 1016 omnes
944 976 1019 1017 alii
1038 977 1257 1031 apostoli,
1282 982 1334 1018 ut
1353 978 1560 1031 fingitur,
1643 958 1780 994 gospels.

236 1053 368 1088 erant
408 1046 601 1087 minoris
646 1046 935 1088 auctoritatis
981 1060 1119 1100 quam
1162 1047 1348 1101 Petrus,
1401 1048 1469 1088 sic
1513 1053 1562 1089 et

235 1117 437 1171 quilibet
477 1129 606 1170 papa
642 1116 798 1170 ipsum
835 1117 1112 1158 succedens.
1164 1115 1216 1158 Si
1252 1116 1399 1171 igitur
1437 1131 1562 1171 papa

233 1188 378 1228 habet
421 1186 747 1228 auctoritatem
792 1186 1098 1227 canonizandi
1143 1186 1374 1240 epistolas
1417 1187 1561 1238 Pauli,

236 1257 365 1311 quod
407 1257 513 1310 ipse
557 1270 652 1297 non
694 1256 871 1309 habuit,
917 1256 1026 1310 quia
1068 1262 1181 1297 tunc
1219 1256 1346 1297 foret
1382 1270 1471 1311 per
1508 1270 1561 1297 se

181 1330 218 1363 15
235 1326 512 1381 autenticus,
556 1325 748 1367 videtur
793 1327 922 1380 quod
955 1326 1154 1380 quilibet
1196 1340 1322 1380 papa
1352 1340 1561 1380 sequens

235 1411 421 1439 omnem
436 1397 701 1451 apostolum
734 1395 849 1438 citra
870 1397 1066 1437 Petrum
1096 1396 1375 1437 auctoritate
1399 1410 1560 1437 exces-

232 1473 373 1516 serat,
407 1472 455 1508 et
485 1466 554 1507 sic
586 1466 849 1507 decretales
883 1472 1044 1507 essent
1074 1466 1264 1508 maioris
1297 1466 1560 1508 autoritatis

234 1551 372 1591 quam
404 1542 607 1591 quatuor
639 1536 888 1591 evangelia
920 1542 969 1578 et
989 1536 1115 1590 paris
1140 1537 1430 1578 auctoritatis
1454 1550 1558 1578 cum

230 1607 365 1648 Petri
397 1606 625 1660 epistolis.

175 1689 218 1713 20
291 1675 389 1719 Sed
421 1677 725 1718 deliramenta
768 1682 878 1718 sunt
906 1677 1008 1732 ista,
1049 1691 1154 1718 cum
1192 1682 1292 1718 tota
1323 1677 1557 1731 scriptura
1646 1688 1769 1716 Ailthe

233 1746 358 1800 capit
387 1747 671 1801 parilitatem
723 1747 1015 1788 auctoritatis
1055 1761 1080 1788 a
1131 1746 1312 1802 Spiritu
1365 1748 1555 1800 Sancto,
1570 1724 1844 1796 ἔῃσιῖζῗῖέιῖῗὴὲῗῑῗξ,

232 1831 373 1871 quem
405 1817 641 1859 credimus
675 1818 774 1859 eius
808 1824 1032 1860 autorem.
1065 1818 1168 1859 Nec
1202 1819 1342 1859 credo
1363 1819 1554 1859 beatum
1576 1802 1609 1821 ³8
1629 1795 1837 1864 xgzgggtlaggfhe

231 1887 426 1928 Petrum
456 1888 605 1929 fuisse
635 1888 824 1929 maioris
857 1888 1148 1930 auctoritatis
1182 1902 1320 1942 quam
1353 1894 1554 1940 ceteros,

233 1957 341 2012 quia
373 1971 471 2011 ore,
503 1957 652 2012 digito
687 1963 734 1999 et
756 1958 1038 1999 auctoritate
1060 1957 1253 1999 Domini
1278 1957 1425 1998 locuti
1446 1964 1555 1998 sunt

176 2029 216 2062 25
233 2034 282 2069 et
323 2028 538 2069 fecerant
580 2027 706 2068 facta
743 2041 839 2069 sua.
890 2028 1004 2069 Ideo
1043 2028 1298 2069 auctoritas
1329 2028 1423 2068 Dei
1458 2041 1554 2068 non

232 2098 362 2152 cepit
391 2098 542 2152 magis
573 2099 652 2138 vel
683 2098 835 2138 minus
866 2098 914 2138 in
944 2098 1075 2152 ipsis.
1108 2098 1211 2139 Nec
1245 2097 1410 2151 aliquis
1443 2111 1552 2151 apo-

231 2168 383 2209 stolus
426 2168 475 2209 in
518 2173 743 2222 quantum
786 2168 863 2208 illa
905 2168 1091 2222 privata
1126 2181 1335 2222 persona
1377 2168 1462 2207 sed
1505 2167 1553 2207 in

231 2243 456 2291 quantum
475 2238 618 2278 homo
642 2237 843 2290 divinus,
865 2243 918 2278 ut
938 2238 1148 2291 loquitur
1169 2236 1467 2291 Augustinus
1482 2236 1552 2277 IV

229 2309 306 2348 De
336 2307 569 2349 Doctrina
600 2307 850 2348 christiana
882 2321 981 2362 cap.
1013 2308 1103 2357 VI;
1136 2309 1214 2349 vel
1244 2307 1292 2347 in
1325 2312 1551 2361 quantum

176 2381 218 2413 30
232 2377 444 2419 Christus
475 2377 821 2432 participative,
853 2383 905 2418 ut
934 2378 1193 2431 loquuntur
1223 2377 1357 2418 multi
1387 2376 1550 2429 sancti,

230 2453 283 2489 ut
313 2448 381 2488 sic
398 2447 619 2501 (inquam)
643 2453 752 2488 sunt
775 2461 938 2488 omnes
953 2447 1079 2501 paris
1102 2447 1407 2500 auctoritatis,
1430 2460 1550 2487 unus

231 2518 289 2558 ad
318 2531 460 2558 unum
493 2522 542 2558 et
574 2518 688 2558 alius
719 2517 778 2558 ad
805 2517 941 2567 aliud,
975 2518 1233 2558 secundum
1266 2519 1396 2570 quod
1416 2518 1550 2558 Deus

232 2588 300 2629 eis
346 2587 572 2628 diviserat
602 2588 726 2628 dona
757 2600 850 2642 sua,
896 2593 945 2629 et
975 2587 1204 2641 quicquid
1241 2587 1407 2641 aliquis
1440 2600 1548 2641 apo-

231 2659 381 2699 stolus
413 2663 465 2699 ut
500 2658 606 2699 talis
645 2657 819 2699 dixerit
857 2663 931 2699 est
961 2658 1087 2712 paris
1120 2657 1411 2699 auctoritatis
1445 2670 1549 2698 cum

302 2850 345 2870 10.
377 2842 432 2869 AB
462 2841 493 2868 in
527 2849 641 2877 marg.:
680 2841 885 2869 Auctoritatis
914 2842 1003 2877 paris
1032 2844 1103 2869 sunt
1131 2841 1286 2876 scripture
1322 2841 1547 2876 apostolorum.

232 2887 282 2915 26.
303 2887 341 2914 B:
363 2887 394 2915 in
414 2887 576 2922 episcopis.
650 2886 694 2915 31.
716 2887 756 2915 B:
778 2888 809 2914 in
828 2890 984 2923 quantum.

298 2939 341 2963 De
356 2939 507 2964 Potestate
522 2940 610 2967 Pape.
1388 2937 1408 2968 8
