2078 3338
204 245 379 302 CAP.V1.]
596 256 655 287 DE
684 254 964 287 POTESTATE
992 254 1121 285 PAPE.
1729 254 1805 291 123

203 377 370 416 perum
414 362 472 402 ad
515 361 843 402 cumulandum
886 358 978 399 sibi
1022 357 1372 412 superfluitates
1404 362 1518 397 ster·
1550 366 1794 435 τξῑὴεερδᾟέἳιξεξέ

205 446 365 474 corum
388 437 436 472 et
457 432 716 485 discipulos
739 442 865 482 suos,
885 428 965 482 qui
986 427 1199 468 severius
1222 431 1522 480 exequuntur
1554 436 1620 497 112¹ssss
1641 440 1774 497 Ξὲἰεὲῖειὶρὲ

202 502 317 542 illud
360 501 579 555 officium,
612 502 719 554 plus
766 498 1063 540 commendat
1096 503 1144 538 et
1174 501 1430 550 promovet
1463 496 1520 535 ad
1642 490 1649 496 “
1780 492 1785 498 ‘

203 572 351 613 seculi
383 572 675 626 dignitatem,
721 569 788 610 sic
822 569 951 622 quod
983 567 1168 608 Christo
1209 571 1522 607 conversante

171 641 451 687 5nobiscum
488 655 581 682 non
624 640 750 680 foret
793 639 889 680 suis
923 652 1027 679 cum
1070 637 1157 678 illis
1203 636 1407 677 societas
1445 635 1523 675 vel

204 711 411 752 amicicia
441 711 531 751 nisi
551 711 674 751 inter
687 709 898 750 homines
921 721 1074 762 prope
1097 720 1250 760 pares,
1267 706 1328 746 Et
1350 719 1521 746 secun-

204 783 312 821 dum
344 781 632 834 Apostolum
664 780 711 820 II
745 779 848 821 Cor.
880 778 962 829 VI,
1014 790 1059 829 15
1094 790 1182 817 non
1221 780 1283 817 est
1314 766 1520 815 commu-

202 852 374 891 m'cacio
414 850 581 893 Christi
611 851 673 890 ad
715 849 873 899 Belial,
923 853 975 888 ut
1006 849 1258 900 tangebam
1291 844 1522 898 superius.

262 920 461 970 Octavo,
505 920 587 960 ubi
632 919 845 960 Christus
878 917 1123 972 prohibuit
1169 916 1372 956 cariores
1422 915 1522 955 eius
1558 923 1661 951 Christ
1681 924 1785 952 would

1553 963 1607 986 not
1626 960 1681 986 call
1704 960 1796 987 down

151 1015 188 1035 10
204 990 465 1044 discipulos
487 991 717 1041 Jacobum
741 995 789 1030 et
809 989 1073 1040 Johannem
1094 986 1332 1040 inprecari
1362 985 1523 1039 ignem
1567 994 1777 1056 Stiiffiafflatssse·

205 1061 263 1100 de
298 1061 400 1101 celo
432 1061 729 1100 descendere
758 1059 904 1099 instar
925 1058 1095 1111 Helye,
1125 1057 1195 1097 IV
1223 1057 1349 1109 Reg.
1371 1055 1523 1108 primo
1594 1064 1650 1111 *tphe
1671 1073 1753 1099 pope

204 1131 261 1170 ad
306 1130 640 1170 vindicandum
684 1130 742 1169 de
776 1128 1078 1170 Samaritanis
1125 1126 1412 1179 negantibus
1457 1125 1523 1165 eis
1545 1099 1801 1195 Ἧῗθτῖἶφῗιῖοὲἒέἶο

201 1199 478 1246 necessaria,
496 1199 650 1240 cibum
667 1204 715 1240 et
728 1198 980 1251 tegumina,
1003 1203 1054 1237 ut
1068 1196 1337 1250 patetLuce
1352 1195 1439 1247 IX,
1457 1197 1523 1246 56,
1659 1177 1711 1196 1m.

201 1269 293 1310 iste
343 1270 534 1310 Pseudo
568 1269 819 1310 deficiente
878 1267 1106 1308 materiali
1166 1266 1324 1320 gladio
1386 1265 1525 1319 fingit

151 1339 380 1385 15fulmen
412 1340 718 1381 anathematis
748 1339 795 1379 in
830 1353 926 1392 eos,
962 1338 1041 1392 qui
1072 1338 1240 1378 nolunt
1261 1350 1346 1377 sue
1368 1342 1521 1390 tyran-

202 1409 298 1450 nidi
342 1411 552 1463 obedire,
597 1410 664 1451 sic
697 1411 825 1463 quod
868 1409 950 1449 ubi
994 1408 1207 1449 Christus
1253 1407 1368 1448 dicit
1411 1419 1522 1447 suos

204 1479 463 1533 discipulos
508 1493 615 1521 esse
659 1480 927 1533 spirituales
971 1478 1085 1519 nulli
1123 1477 1376 1527 obnoxios,
1422 1490 1526 1517 cum

201 1550 297 1602 ipse
327 1563 416 1590 non
447 1551 565 1591 venit
595 1551 782 1591 animas
807 1550 1003 1602 perdere
1033 1549 1114 1589 sed
1140 1549 1337 1600 salvare,
1370 1552 1423 1587 ut
1453 1545 1520 1586 ibi

204 1619 386 1671 dicitur,
418 1620 509 1661 iste
540 1620 733 1661 Pseudo
767 1633 854 1674 pro
887 1619 1060 1659 nichilo
1084 1617 1243 1672 perdit
1273 1623 1520 1669 utramque

147 1714 189 1734 20
202 1689 346 1730 vitam
375 1690 700 1744 multiplicium
733 1689 998 1731 animarum.

260 1759 412 1813 Nono,
436 1759 517 1801 ubi
540 1759 752 1801 Christus
787 1759 900 1800 dicit
931 1759 978 1799 in
1001 1772 1086 1799 suo
1103 1759 1345 1812 Apostolo
1373 1757 1522 1811 prima
1596 1772 1625 1799 9·
1647 1764 1751 1792 Christ

205 1828 308 1870 Cor.
335 1829 415 1880 VI,
450 1844 470 1882 7
507 1831 637 1884 quod
668 1831 852 1871 omnino
886 1832 947 1870 est
969 1830 1181 1869 delictum
1212 1828 1260 1868 in
1282 1827 1522 1882 gentibus,
1556 1800 1788 1869 retgsjeuddggfe

92 1916 167 1956 1910
206 1900 334 1953 quod
383 1901 556 1941 iudicia
585 1899 590 1955 Ι
617 1901 847 1941 secularia
891 1900 957 1940 sic
1000 1902 1209 1949 exercent,
1262 1912 1366 1938 cum
1416 1898 1523 1951 ipse
1598 1870 1759 1943 {Eeafiss'zffs

204 1969 361 2010 renuit
405 1971 499 2010 tale
549 1970 783 2021 iudicium,
834 1975 886 2009 ut
928 1974 1062 2022 patet
1105 1968 1235 2008 Luce
1276 1967 1391 2019 XII,
1434 1967 1525 2007 iste
1576 1944 1781 2011 ῗιῖῗῑὸεῑᾶιῑῖῗῑοῗ.

151 2052 189 2084 25
206 2040 398 2080 Pseudo
422 2041 636 2081 hortatur
668 2040 757 2080 viis
792 2045 839 2080 et
860 2040 1011 2080 modis
1045 2040 1253 2079 scolares
1282 2051 1395 2079 suos
1419 2051 1526 2078 con-

205 2111 415 2163 tendere,
459 2111 621 2151 dicens
666 2110 797 2164 quod
830 2110 1038 2151 condidit
1073 2109 1359 2163 multiplices
1391 2109 1526 2162 leges

207 2194 361 2221 sacras
395 2180 598 2222 ecclesie
632 2187 680 2222 et
712 2180 948 2221 ordinavit
985 2186 1195 2234 satrapas
1235 2180 1294 2220 ad
1326 2179 1526 2232 comple-

206 2256 415 2291 mentum
447 2251 550 2292 talis
577 2251 783 2298 iusticie;
816 2251 925 2291 ideo
959 2251 1082 2291 sicut
1105 2249 1528 2291 excomunicantur

208 2321 288 2373 qui
313 2321 579 2375 impediunt
599 2321 787 2375 pugiles
811 2321 1029 2371 ecclesie,
1063 2320 1143 2374 qui
1164 2320 1333 2360 volunt
1355 2318 1529 2372 exequi

151 2403 193 2435 30
209 2391 308 2431 eius
330 2391 441 2439 iura,
466 2391 533 2432 sic
558 2391 978 2432 excomunicantur
999 2390 1204 2431 iniuriati
1224 2390 1271 2430 in
1293 2389 1527 2444 paciendo

206 2459 409 2514 iniurias⁷
455 2475 558 2502 cum
603 2464 664 2502 ob
697 2467 941 2515 torporem
975 2474 1136 2501 eorum
1173 2461 1309 2513 leges
1343 2466 1389 2500 et
1420 2472 1528 2512 pos-

209 2531 450 2572 sessiones
484 2531 685 2572 ecclesie
710 2537 820 2572 sunt
842 2531 1066 2573 extincte.
1099 2530 1240 2571 Unde
1261 2530 1528 2582 Apostolus

209 2601 391 2642 dicens:
430 2601 583 2654 Quare
613 2614 703 2642 non
733 2602 889 2654 magis
914 2601 1140 2641 iniuriam
1159 2600 1411 2653 patimini?
1441 2612 1530 2652 per

282 2761 310 2791 5.
329 2770 377 2790 sm
397 2762 428 2790 in
447 2762 540 2791 codd.
660 2770 689 2798 9.
709 2762 763 2790 AB
801 2762 833 2789 in
867 2769 982 2797 marg:
1012 2761 1040 2788 8.
1133 2769 1174 2788 21.
1208 2760 1262 2787 AB
1295 2760 1325 2787 in
1360 2767 1475 2795 marg:
1497 2767 1528 2795 9.

213 2809 258 2837 25.
278 2809 349 2838 AB:
370 2812 505 2838 ortatur.

285 2895 337 2927 33.
364 2894 386 2926 1.
414 2894 492 2927 Cor.
510 2894 567 2937 vl,
595 2904 626 2936 7.
