2078 3338
212 297 292 334 228
941 303 1167 335 JOHANNIS
1195 303 1380 334 WYCLIF
1644 286 1751 344 [cmv.
1772 296 1807 324 x,

498 409 650 464 primo
682 408 731 449 in
763 412 987 461 quantum
1020 414 1092 448 est
1124 412 1336 447 creatura
1355 406 1460 456 Dei,
1494 405 1655 445 dicens
1686 409 1813 445 natu·
1853 407 1935 440 218⁸

498 479 658 520 raliter
680 478 927 519 veritatem
951 477 1226 518 catholicam
1242 476 1513 526 faciendam⁷
1538 480 1585 515 et
1606 475 1814 517 secundo

499 548 783 598 resistendo,
817 549 926 587 dum
960 561 985 587 a
1015 548 1124 601 lege
1147 546 1241 587 Dei
1269 546 1520 596 exorbitat,
1554 559 1658 585 cum
1689 551 1816 585 natu-

500 620 660 660 raliter
702 618 817 658 illud
860 617 993 670 petit.
1057 616 1136 659 Sic
1182 622 1335 657 autem
1389 615 1602 657 obedivit
1645 615 1817 656 Paulus

501 691 646 730 Petro
681 687 777 729 Gal.
809 687 856 727 ΙΙ
895 692 943 727 et
984 686 1051 727 sic
1085 687 1370 727 obedierunt
1405 699 1548 741 reges
1582 690 1629 725 et
1662 684 1850 726 clerici5

502 756 829 813 pseudopapis
861 757 995 809 ipsos
1025 757 1325 809 deponendo.
1359 754 1640 797 Obediendo
1665 760 1819 795 autem

501 828 679 868 homini
722 827 980 867 secundum
1024 826 1259 867 racionem
1295 825 1471 875 falsam,
1516 830 1568 866 ut
1604 830 1719 879 puta
1751 838 1819 865 se-

506 898 709 938 cundum
739 896 980 937 racionem
1018 909 1109 949 qua
1140 895 1261 935 false
1294 895 1501 936 creditur
1530 896 1707 936 habere
1738 908 1820 948 po-

505 972 726 1013 testatem
741 967 819 1006 vel
837 965 1174 1006 excellenciam
1192 978 1329 1018 quam
1352 964 1497 1005 aDeo
1521 978 1615 1005 non
1636 965 1821 1014 habeat,

508 1041 581 1077 est
613 1042 862 1088 utrumque
900 1039 1150 1088 peccatum
1184 1034 1498 1087 dampnabile,
1537 1048 1641 1075 cum
1672 1039 1724 1075 ut
1756 1034 1881 1075 sic10

508 1105 677 1146 colitur
718 1103 1038 1145 Antichristus
1084 1108 1131 1144 et
1173 1103 1485 1144 abliomiiiacio
1528 1104 1826 1144 desolacionis

506 1178 634 1216 stans
665 1176 713 1214 in
745 1175 924 1227 templo,
963 1174 1021 1213 de
1056 1186 1146 1226 qua
1177 1172 1353 1227 legitur
1387 1172 1683 1226 evangelium
1721 1186 1824 1213 cum

543 1258 597 1285 ro
637 1245 758 1286 heta.

231 1307 485 1372 Ttlgehpazgehsizgid
508 1260 538 1299 p
570 1258 666 1355 SIgd
700 1313 911 1354 secundo
952 1313 1162 1366 arguitur
1201 1314 1329 1366 quod
1360 1326 1484 1366 papa
1516 1313 1660 1353 habet
1691 1317 1824 1365 pote-

231 1378 486 1442 prgffiffiyGffgffct
512 1389 679 1425 statem
711 1383 850 1423 talem
886 1396 910 1422 a
931 1382 1151 1433 Domino,
1184 1387 1236 1423 ut
1267 1382 1380 1423 dicit
1411 1383 1652 1423 decretum
1674 1381 1827 1422 XXII
1847 1385 1884 1417 15

512 1452 823 1494 distinccione
857 1451 1174 1503 Sacrosancta,
1207 1452 1288 1492 ubi
1315 1453 1573 1493 Anacletus
1605 1465 1729 1505 papa
1761 1451 1828 1492 sic

510 1522 736 1576 loquitur:
791 1522 1090 1562 Sacrosaiicta
1133 1522 1349 1563 Romana
1400 1522 1583 1563 ecclesia
1634 1534 1721 1562 uon
1773 1522 1829 1562 ab

513 1593 730 1646 apostolis
765 1593 843 1633 sed
874 1594 931 1632 ab
968 1589 1065 1645 ipso
1098 1592 1296 1633 Domino
1331 1593 1592 1645 primatum
1631 1592 1829 1632 obtinuit.

511 1662 585 1702 Ex
632 1675 725 1715 quo
771 1661 985 1714 sequitur
1030 1662 1157 1715 quod
1201 1675 1296 1702 non
1341 1664 1397 1704 ab
1435 1661 1719 1714 imperatore
1752 1660 1830 1701 vel

512 1731 700 1772 homine
745 1731 830 1771 sed
872 1730 1140 1771 immediate
1188 1744 1213 1771 a
1257 1731 1365 1771 Deo
1409 1744 1537 1784 papa
1571 1731 1715 1771 habet
1752 1743 1829 1770 ex·
1846 1742 1888 1764 20

515 1799 892 1842 cellentissimam
931 1800 1219 1854 dignitatem.
1273 1800 1333 1840 Et
1369 1800 1494 1841 idem
1534 1800 1832 1841 confirmatur

514 1871 725 1912 secundo
759 1884 821 1911 ex
854 1870 1167 1911 submissione
1198 1884 1469 1924 regnorum⁷
1510 1876 1557 1910 et
1588 1869 1737 1910 tercio
1771 1883 1832 1910 ex

514 1940 784 1982 testimonio
830 1940 1078 1981 doctorum
1123 1941 1181 1980 de
1225 1946 1466 1994 potestate
1509 1954 1635 1994 pape
1682 1940 1832 1981 absol-

515 2010 659 2051 vendi
691 2023 717 2050 a
746 2023 870 2064 pena
903 2015 950 2050 et
982 2023 1007 2050 a
1041 2010 1180 2063 culpa
1215 2010 1546 2051 scribencium⁷
1598 2009 1833 2062 Quantum

517 2079 576 2120 ad
606 2079 804 2133 primam
834 2084 1018 2132 partem
1049 2079 1186 2120 huius
1232 2079 1421 2133 argucie
1455 2080 1600 2120 debet
1628 2078 1890 2133 supponi25

254 2158 332 2185 This
348 2157 379 2220 ἐς
399 2161 468 2184 true
519 2150 648 2203 quod
690 2149 779 2189 iste
812 2162 937 2202 papa
966 2148 1201 2189 intellexit
1232 2162 1320 2202 per
1358 2154 1703 2190 sacrosanctam
1734 2147 1834 2188 Ro-

235 2193 497 2290 Z{{l{3⁰gfflo}}}³ui
517 2232 699 2260 manem
758 2219 1007 2259 ecclesiam
1063 2232 1158 2259 non
1216 2218 1456 2259 basilicam
1511 2219 1590 2259 vel
1639 2218 1836 2259 mixtum

518 2287 772 2342 putridum,
826 2289 912 2328 sed
963 2294 1153 2328 sanctos
1205 2288 1399 2328 Petrum
1453 2293 1500 2328 et
1542 2289 1738 2328 Paulum
1790 2293 1838 2328 et

521 2362 708 2398 ceteros
743 2358 823 2411 qui
852 2357 1232 2399 inhabitaverant
1261 2358 1389 2398 illum
1421 2359 1587 2399 locum.
1640 2358 1757 2397 Ideo
1790 2357 1837 2397 in

522 2428 691 2468 eodem
724 2428 918 2468 decreto
952 2427 1063 2468 dicit
1103 2428 1231 2481 quod
1260 2428 1423 2469 Petrus
1444 2431 1483 2469 et
1503 2428 1679 2469 Paulus
1709 2430 1838 2468 erant
1853 2431 1895 2463 30

519 2498 631 2538 socii
652 2498 699 2537 in
721 2498 830 2537 urbe
851 2497 1077 2548 Romaim,
1106 2498 1231 2537 unde
1256 2498 1495 2551 signanter
1518 2497 1687 2537 dicitur
1709 2497 1837 2550 quod

521 2566 771 2620 primatum
795 2566 1010 2607 obtinuit.
1039 2567 1202 2607 Debet
1228 2567 1436 2620 supponi
1453 2566 1456 2623 Ι
1475 2567 1684 2607 secundo
1709 2567 1838 2620 quod
1879 2566 1958 2600 218h

297 2644 357 2672 and
378 2644 445 2671 ofa
522 2636 730 2690 loquitur
769 2638 827 2677 de
864 2637 1066 2690 primatu
1102 2637 1341 2677 hominum
1380 2637 1537 2690 quoad
1569 2637 1738 2687 Deum,
1778 2649 1839 2676 ex

295 2679 444 2749 {5333}ss
523 2706 734 2760 primicia
764 2705 989 2747 virtutum
1023 2712 1070 2747 et
1104 2706 1422 2747 edificacionis
1452 2706 1652 2747 ecclesie
1677 2710 1724 2746 et
1745 2719 1840 2746 non

598 2851 639 2877 14.
663 2842 761 2871 Codd.
783 2843 814 2870 in
835 2850 950 2878 marg:
971 2842 1155 2870 Potestatem
1176 2851 1262 2878 papa
1281 2843 1309 2870 si
1327 2843 1439 2871 habeat
1457 2850 1477 2870 a
1498 2842 1631 2870 domino.

599 2936 650 2959 11.
676 2925 794 2958 Matth.
819 2926 937 2966 XXIV,
967 2926 1023 2966 153
1049 2927 1144 2959 Dan.
1172 2926 1225 2967 IX,
1254 2936 1306 2968 27.
1408 2924 1458 2959 16.
1486 2925 1570 2968 Cap.
1602 2925 1639 2957 11.
