2078 3338
257 260 347 288 CAP-
364 250 433 309 vr]
659 264 717 296 DE
746 264 1026 297 POTEsTATE
1055 265 1183 297 PAPE.
1793 275 1806 301 1
1821 273 1835 299 1
1845 273 1867 311 5

256 367 329 408 ius
350 367 444 408 Dei
470 381 612 422 quam
643 368 715 410 ius
750 369 938 412 cesaris.
970 370 1072 410 Nec
1096 370 1339 424 dependet
1363 376 1580 425 potestas

255 437 496 491 regiminis
542 452 568 479 a
612 440 720 480 loco
765 440 843 480 vel
887 441 1085 496 popuIO,
1130 440 1238 493 quia
1276 441 1582 498 distinguitur

257 509 314 548 ab
360 512 467 548 actu
497 509 765 562 potestatis,
811 510 919 550 data
960 509 1231 551 indistincte
1270 524 1295 551 a
1324 512 1431 553 Deo
1471 520 1580 555 ante

255 578 411 619 locum
442 578 521 618 vel
542 579 786 632 populum,
817 579 927 620 ideo
952 593 1056 619 cum
1084 593 1179 620 non
1201 580 1407 622 variatur
1430 595 1578 624 corre-

223 654 239 686 5
257 648 555 701 spondenter
576 649 634 689 ad
655 649 748 689 tale
770 649 1020 703 obiectum,
1042 650 1340 691 manifestum
1364 657 1437 692 est
1451 655 1580 706 quod

257 717 461 771 quiescit
511 723 620 759 ante
673 720 765 759 tale
816 719 1132 760 iurisdicionis
1185 720 1439 764 obiectum.
1498 723 1578 765 Sic

255 788 376 828 enim
407 789 674 830 habuerunt
696 789 901 842 apostoli
922 789 1226 843 quiescentes
1246 790 1294 831 in
1314 791 1578 842 Jerusalem

254 858 409 898 datam
442 871 467 898 a
498 857 678 911 Spiritu
710 858 886 900 Sancto
918 864 1208 912 potestatem
1239 860 1494 916 regiminis,
1529 869 1578 904 et

252 933 409 969 tamen
440 928 650 969 nondum
681 928 768 969 fuit
800 929 858 969 ad
892 942 1055 970 eorum
1077 929 1301 971 noticiam
1325 930 1575 974 distinctus

198 1018 237 1040 10
250 998 454 1052 populus
485 998 722 1039 limitatus.

307 1068 387 1109 Ad
407 1068 607 1122 primum
629 1068 820 1109 videtur
849 1069 1000 1120 michi,
1033 1073 1085 1109 ut
1116 1082 1232 1123 sepe
1264 1071 1413 1124 tetigi,
1447 1074 1578 1126 quod
1660 1082 1673 1109 1
1693 1083 1756 1118 rep]
1787 1091 1794 1110 ι

1614 1125 1637 1145 1.
1658 1117 1725 1144 The
1745 1126 1759 1145 e
1774 1126 1848 1155 ergy

252 1137 399 1179 omnis
424 1138 623 1179 clericus
647 1140 795 1179 debet
815 1153 934 1193 pure
951 1139 1086 1180 inniti
1114 1141 1382 1181 auctoritati
1404 1142 1574 1194 divine,
1598 1152 1739 1223 Offiloglnd
1751 1153 1855 1216 drievllyne

251 1208 528 1249 dimittendo
575 1209 905 1250 auctoritatem
948 1209 1175 1261 gentilem
1215 1210 1513 1254 adinventam
1552 1228 1578 1254 a
1645 1223 1812 1285 authoritg,

249 1278 444 1330 regibus
487 1278 722 1331 gencium,
768 1278 848 1332 qui
883 1279 1137 1319 infideliter
1174 1280 1575 1325 blasfemaverant
1591 1257 1857 1332 hatvfirfffonsstitssng

197 1357 233 1390 15
251 1348 380 1402 quod
429 1353 539 1388 sunt
568 1347 713 1401 Deus,
766 1354 818 1389 ut
866 1354 1002 1402 patet
1046 1350 1104 1389 de
1155 1349 1574 1405 Nabugodonosor
1622 1328 1692 1355 mvn
1712 1336 1830 1363 power.

249 1418 460 1459 Danielis
498 1418 585 1470 1V;
641 1423 690 1459 et
741 1419 850 1459 hinc
908 1425 1214 1472 sumpserunt
1262 1420 1353 1461 sibi
1401 1436 1574 1464 nomen

250 1488 541 1530 auctoritatis
586 1493 636 1529 et
669 1488 884 1543 capitalis
918 1489 1123 1542 dominii,
1164 1489 1379 1534 Christus
1419 1499 1572 1535 autem

134 1567 211 1613 189⁰
250 1560 392 1600 docet
413 1573 526 1600 suos
549 1560 790 1613 apostolos
818 1559 1130 1614 gentilitatem
1157 1560 1295 1601 istam
1311 1559 1316 1617 Ι
1334 1562 1572 1618 aufugere,

248 1635 300 1670 ut
331 1635 466 1684 patet
495 1629 624 1670 Luce
657 1629 811 1670 XXII
844 1635 892 1670 et
922 1630 1090 1673 Matth.
1123 1629 1238 1672 XX.
1289 1631 1431 1674 Unde
1465 1635 1573 1688 quia

192 1719 233 1741 20
248 1700 424 1754 aliquid
454 1700 653 1742 licencie
692 1700 917 1742 remansit
947 1700 995 1741 in
1026 1700 1116 1741 ista
1146 1701 1423 1757 gentilitate,
1460 1703 1570 1745 ideo

246 1770 471 1812 remansit
503 1784 607 1812 cum
640 1771 864 1812 civilitate
896 1772 1094 1811 verbum
1137 1772 1440 1824 auctoritatis,
1484 1787 1573 1828 per

249 1841 378 1895 quod
444 1854 537 1895 ego
597 1841 813 1896 intelligo
875 1840 1258 1895 superioritatem
1316 1844 1570 1896 potestatis

249 1910 410 1953 civilis.
443 1910 541 1952 Sed
571 1917 827 1965 postquam
867 1913 1026 1953 dotata
1065 1918 1137 1953 est
1169 1912 1386 1966 ecclesia,
1423 1913 1569 1955 intro-

247 1981 388 2022 ducta
438 1986 546 2021 sunt
594 1981 864 2036 irreligiose
920 1996 1094 2023 nomen
1154 1982 1470 2024 iurisdicionis
1523 1989 1571 2024 et

190 2059 231 2091 25
247 2050 536 2092 auctoritatis
559 2065 662 2092 cum
681 2052 921 2101 similibus,
956 2066 1049 2106 que
1074 2052 1345 2093 civilitatem
1367 2053 1570 2106 sapiunt.

244 2120 307 2161 Et
328 2120 396 2161 sic
420 2121 698 2162 conceditur
715 2122 841 2175 quod
863 2135 982 2163 unus
1006 2122 1266 2176 episcopus
1290 2128 1365 2163 est
1383 2123 1568 2177 reliquo

243 2190 432 2233 maioris
463 2192 718 2244 potestatis
764 2206 901 2246 quam
935 2192 1122 2246 quidam
1166 2198 1342 2233 vocant
1373 2192 1569 2233 auctori-

244 2266 400 2303 tatem.
432 2260 714 2302 Referendo
760 2268 915 2303 autem
959 2263 1285 2304 auctoritatem
1324 2263 1382 2303 ad
1412 2262 1568 2303 Deum
1606 2285 1658 2312 A„
1680 2286 1837 2322 authority

246 2336 294 2371 et
336 2332 557 2385 negando
612 2332 938 2374 auctoritatem
1000 2335 1085 2374 sed
1129 2332 1568 2387 promulgacionem
1614 2320 1825 2389 ἇξὲοξῗῃζξβε

189 2409 230 2441 30
243 2401 402 2442 inesse
434 2401 692 2443 formaliter
725 2409 938 2444 creature
971 2404 1190 2456 neganda
1221 2403 1347 2444 foret
1376 2403 1424 2443 in
1454 2416 1567 2456 apo·
1617 2390 1823 2464 partoiffiyit-is

245 2471 379 2511 stolis
412 2473 705 2514 auctoritatis
729 2473 978 2515 maioritas.
1014 2473 1237 2515 Secundo
1261 2487 1377 2514 vero
1399 2472 1565 2514 intelli·
1599 2460 1844 2495 psomfflga‘mn·

244 2542 404 2595 gendo
450 2542 778 2584 auctoritatem
821 2544 868 2584 in
913 2549 1136 2598 quantum
1176 2543 1289 2584 dicit
1325 2543 1420 2584 Dei
1461 2556 1566 2597 pre-

246 2625 413 2653 conem
443 2612 624 2654 habere
646 2619 939 2667 potestatem
962 2615 1020 2654 ad
1040 2614 1442 2668 promulgandum
1465 2612 1564 2654 eius

244 2682 543 2733 sentenciam,
586 2683 654 2724 sic
698 2697 863 2725 omnes
908 2684 1113 2738 apostoli
1154 2685 1233 2725 vel
1271 2683 1563 2738 evangeliste

252 2901 256 2903 ‚
315 2875 355 2895 11.
377 2868 399 2894 Β
418 2867 449 2894 in
470 2875 584 2903 marg.:
611 2868 747 2896 Solucio.
839 2868 887 2896 23.
915 2868 968 2896 AB
998 2868 1029 2896 in
1056 2876 1172 2904 marg:
1199 2868 1378 2896 Auctoritas
1398 2870 1563 2904 potestatis

243 2914 290 2941 vel
309 2913 546 2941 z'urisdz'ccionis.
622 2913 671 2950 28.
693 2915 715 2941 Β
735 2914 766 2942 in
787 2922 902 2950 marg:
923 2914 1016 2943 Nota.
1089 2914 1135 2943 31.
1155 2915 1195 2944 B:
1215 2915 1399 2943 auctoritas.

1372 2962 1422 2995 8*
