2078 3338
234 254 324 282 CAP.
344 242 399 300 x]
631 256 690 288 DE
718 255 997 287 POTESTATE
1025 255 1154 287 PAPE.

231 363 400 402 beatus
446 360 707 414 Gregorius
757 360 996 413 percussit
1044 359 1135 400 iam
1185 366 1396 400 mortuus
1449 373 1549 401 suc-

234 443 475 472 cessorem
513 443 647 470 suum
686 443 838 483 usque
879 431 936 470 ad
967 435 1179 479 mortem,
1217 436 1269 469 ut
1305 429 1551 471 recitatum

234 506 307 541 est
337 499 457 540 VIII
491 513 589 552 cap.

291 569 390 611 Sed
420 570 620 610 instatur
653 569 781 622 quod
814 568 927 609 dicti
959 568 1109 609 sancti
1146 581 1242 609 non
1272 569 1551 622 penitebant

199 644 215 677 5
233 640 290 680 de
322 638 425 680 istis
447 638 658 692 peccatis
680 638 882 679 finaliter
905 651 994 678 nec
1020 644 1305 679 revocarunt
1328 651 1550 688 errorem,

232 710 318 750 sed
359 708 528 763 pocius
573 714 808 761 tamquam
851 707 1135 748 meritoriam
1189 713 1422 748 auxerunt
1473 707 1550 747 do-

230 779 477 821 tacionem.

288 848 380 889 Hic
413 847 583 888 dicitur
615 848 744 901 quod
775 847 891 887 false
925 847 1174 888 assumitur
1211 860 1301 887 nec
1333 860 1551 900 umquam

229 918 523 971 probabitur,
569 931 679 971 ymo
726 918 876 958 sancti
918 923 969 958 ut
999 917 1197 958 remisse
1229 922 1551 971 perceperunt

178 1004 215 1025 ιο
232 1001 438 1028 errorem
483 988 550 1027 sic
592 987 789 1027 remisse
832 988 1106 1028 laborarunt
1143 988 1201 1027 ad
1236 986 1336 1027 eius
1371 986 1547 1027 extinc-

231 1057 426 1107 cionem,
471 1063 522 1097 ut
565 1058 732 1098 beatus
765 1057 1078 1097 Possidonius
1122 1063 1278 1097 narrat
1317 1057 1375 1096 de
1407 1058 1550 1096 beato

228 1127 515 1181 Augustino,
563 1127 802 1180 quomodo
835 1126 1023 1179 rogavit
1062 1126 1191 1167 cives
1224 1140 1350 1176 suos,
1394 1132 1447 1167 ut
1480 1139 1549 1166 ca-

229 1203 400 1251 perent
422 1196 759 1251 possessiones
794 1210 909 1249 quas
933 1196 1024 1237 sibi
1058 1202 1106 1237 et
1138 1197 1279 1237 sociis
1312 1196 1408 1238 suis
1443 1209 1548 1236 con-

228 1268 452 1316 tulerunt,
484 1272 538 1307 ut
559 1266 747 1320 possint
769 1280 888 1319 pure
921 1266 1086 1306 vivere
1111 1267 1168 1306 de
1193 1273 1322 1307 sorte
1344 1265 1549 1315 Domini,

178 1342 463 1390 &tamquam
507 1336 678 1386 clerici,
711 1336 834 1377 sicut
865 1336 1090 1377 vixerunt
1130 1336 1178 1376 in
1215 1335 1369 1376 veteri
1409 1340 1548 1375 testa-

229 1413 402 1448 mento.
435 1406 497 1447 Et
529 1406 596 1447 sic
632 1406 822 1447 videtur
852 1406 993 1446 michi
1026 1407 1156 1460 quod
1189 1406 1347 1447 clerici
1375 1411 1422 1446 et
1445 1405 1548 1446 reli-

229 1477 353 1532 giosi
384 1476 729 1530 possessionati
758 1477 806 1516 in
827 1476 917 1517 ista
940 1476 1332 1530 appropriacione
1366 1481 1414 1516 et
1443 1487 1549 1528 pro-

228 1546 387 1600 posito
422 1547 714 1587 decedentes
749 1546 848 1587 sine
880 1546 1122 1587 fructuosa
1146 1544 1418 1600 penitencia
1441 1550 1550 1585 sunt

230 1616 498 1668 damnandi3
532 1622 580 1656 et
609 1617 731 1656 hanc
756 1629 866 1656 reor
887 1616 1135 1666 racionem,
1169 1629 1313 1669 quare
1337 1614 1549 1655 Christus

173 1701 214 1722 20
230 1686 394 1727 Matth.
426 1685 616 1735 XXIV,
641 1699 688 1725 21
727 1684 857 1725 dicit:
890 1686 980 1726 hoc
1013 1690 1200 1739 tempus
1235 1698 1341 1725 esse
1368 1691 1550 1726 tantum

227 1754 467 1806 horribile,
490 1768 585 1796 non
607 1761 809 1809 propter
835 1755 1195 1796 tribulacionem
1219 1754 1434 1809 corporis
1463 1753 1550 1794 sed

230 1825 379 1865 anime
394 1825 624 1866 infinitum
639 1825 878 1876 maiorem,
894 1826 1018 1866 unde
1033 1826 1297 1879 Apostolus
1313 1823 1372 1866 Π.
1383 1823 1548 1878 Thym.

229 1894 314 1945 III,
346 1910 377 1945 1,
412 1909 432 1936 2
469 1895 645 1946 dicens,
686 1896 816 1949 quod
853 1897 1084 1936 instabunt
1120 1899 1327 1948 tempora
1360 1895 1547 1947 pericu-

228 1967 339 2016 losa,
378 1966 586 2007 annectit
616 1972 850 2019 tamquam
883 1965 1069 2019 signum
1102 1972 1151 2006 et
1183 1978 1370 2005 causam
1400 1964 1548 2018 preci-

172 2040 212 2073 25
228 2049 388 2089 puam:
428 2035 589 2083 Erunt,
635 2035 800 2089 inquit,
844 2037 1049 2077 homines
1084 2049 1130 2076 se
1168 2036 1292 2089 ipsos
1329 2038 1547 2075 amantes.

227 2105 478 2159 Dyabolus
512 2105 634 2145 enim
666 2118 728 2145 ex
762 2105 1020 2159 cupiditate
1053 2104 1382 2158 temporalium
1409 2102 1550 2144 trahit

228 2175 456 2228 plurimos
490 2176 548 2215 ad
578 2175 823 2217 infernum.
857 2174 1019 2217 Sancti
1048 2175 1192 2228 igitur
1221 2173 1548 2227 percipientes

230 2245 394 2285 saltem
439 2244 636 2285 confuse
678 2245 815 2285 huius
860 2244 1047 2299 peccati
1088 2244 1330 2293 maliciam,
1383 2243 1549 2284 saltem

231 2314 428 2355 confuse
450 2314 651 2355 finaliter
684 2314 974 2368 penitebant.
1007 2315 1108 2355 Nos
1142 2320 1295 2355 autem
1324 2313 1405 2367 qui
1442 2326 1548 2353 ocu-

112 2392 190 2421 221e
228 2385 321 2425 lata
352 2384 446 2424 fide
477 2384 768 2438 percipimus
790 2385 926 2425 huius
956 2386 961 2437 Ι
990 2384 1190 2425 avaricie
1212 2382 1547 2424 invalescentis

229 2454 547 2508 gravedinem,
588 2460 783 2508 oportet
812 2454 1031 2508 penitere
1065 2454 1338 2495 distinccius
1378 2453 1436 2493 de
1468 2452 1548 2492 tali

230 2522 429 2564 avaricia
472 2530 520 2565 et
558 2524 744 2564 omnino
779 2525 838 2564 de
872 2537 1109 2565 consensu
1142 2530 1189 2565 et
1224 2522 1547 2576 correpcionis

228 2593 543 2647 negligencia,
577 2593 617 2633 si
646 2594 863 2634 volumus
898 2607 1004 2635 esse
1037 2593 1166 2635 salvi.

297 2749 327 2775 4.
349 2740 450 2768 Codd.
470 2740 502 2768 in
523 2748 638 2776 marg:
666 2740 849 2769 Dotacionis
874 2745 1104 2778 argumentum.
1180 2749 1218 2769 11.
1240 2741 1346 2769 Recte:
1374 2740 1545 2768 Possidius.

231 2795 280 2816 22.
302 2787 418 2816 Codd.:
446 2787 520 2814 Tim.
542 2787 579 2814 Il.

305 2883 353 2906 11.
382 2872 434 2906 Cf.
461 2873 512 2904 De
539 2872 640 2904 Civili
665 2873 831 2905 Dominio
856 2872 910 2914 ΙΙΙ,
938 2872 1015 2905 225.

300 2948 340 2971 De
356 2947 506 2971 Potestate
522 2947 610 2974 Papo.
1371 2943 1409 2976 16

1759 258 1835 296 241

1619 856 1681 885 We
1701 862 1785 886 must

1569 892 1681 920 believe
1700 895 1767 921 that
1785 893 1836 920 the

1613 928 1708 956 saints
1728 929 1800 956 who

1623 964 1781 998 approved

1600 1000 1802 1026 endowment

1625 1033 1779 1068 repented.
