<?xml version="1.0" encoding="UTF-8"?>
<!DOCTYPE html PUBLIC "-//W3C//DTD XHTML 1.0 Transitional//EN"
    "http://www.w3.org/TR/xhtml1/DTD/xhtml1-transitional.dtd">
<html xmlns="http://www.w3.org/1999/xhtml" xml:lang="en" lang="en">
 <head>
  <title>
</title>
<meta http-equiv="Content-Type" content="text/html;charset=utf-8" />
  <meta name='ocr-system' content='tesseract 3.04.00' />
  <meta name='ocr-capabilities' content='ocr_page ocr_carea ocr_par ocr_line ocrx_word'/>
</head>
<body>
  <div class='ocr_page' id='page_1' title='image "./tractatusdepotes00wycl_0288.png"; bbox 0 0 2078 3338; ppageno 0'>
   <div class='ocr_carea' id='block_1_1' title="bbox 224 258 1824 315">
    <p class='ocr_par' dir='ltr' id='par_1_1' title="bbox 224 258 1824 315">
     <span class='ocr_line' id='line_1_1' title="bbox 224 258 1824 315; baseline -0.008 -9"><span class='ocrx_word' id='word_1_1' title='bbox 224 262 303 299; x_wconf 77' lang='lat'>226</span> <span class='ocrx_word' id='word_1_2' title='bbox 944 269 1170 303; x_wconf 77' lang='lat' dir='ltr'>JOHANNIS</span> <span class='ocrx_word' id='word_1_3' title='bbox 1196 270 1381 303; x_wconf 73' lang='lat' dir='ltr'>WYCLIF</span> <span class='ocrx_word' id='word_1_4' title='bbox 1659 258 1766 315; x_wconf 80' lang='lat' dir='ltr'>[CAP.</span> <span class='ocrx_word' id='word_1_5' title='bbox 1787 268 1824 295; x_wconf 80' lang='lat' dir='ltr'>x.</span> 
     </span>
    </p>
   </div>
   <div class='ocr_carea' id='block_1_2' title="bbox 247 374 1948 1964">
    <p class='ocr_par' dir='ltr' id='par_1_2' title="bbox 510 374 1948 1125">
     <span class='ocr_line' id='line_1_2' title="bbox 510 374 1825 427; baseline -0.001 -12"><span class='ocrx_word' id='word_1_6' title='bbox 510 374 602 415; x_wconf 89' lang='lat' dir='ltr'>Hic</span> <span class='ocrx_word' id='word_1_7' title='bbox 633 380 788 414; x_wconf 85' lang='lat' dir='ltr'>autern</span> <span class='ocrx_word' id='word_1_8' title='bbox 820 387 948 427; x_wconf 88' lang='lat' dir='ltr'>papa</span> <span class='ocrx_word' id='word_1_9' title='bbox 980 380 1027 414; x_wconf 89' lang='lat' dir='ltr'>et</span> <span class='ocrx_word' id='word_1_10' title='bbox 1060 375 1317 415; x_wconf 77' lang='lat' dir='ltr'>cardinales</span> <span class='ocrx_word' id='word_1_11' title='bbox 1358 375 1592 416; x_wconf 87' lang='lat' dir='ltr'>diffiniunt</span> <span class='ocrx_word' id='word_1_12' title='bbox 1624 375 1825 415; x_wconf 88' lang='lat' dir='ltr'>domina-</span> 
     </span>
     <span class='ocr_line' id='line_1_3' title="bbox 511 443 1827 497; baseline -0.001 -12"><span class='ocrx_word' id='word_1_13' title='bbox 511 444 609 485; x_wconf 85' lang='lat' dir='ltr'>tive</span> <span class='ocrx_word' id='word_1_14' title='bbox 654 448 876 497; x_wconf 88' lang='lat' dir='ltr'>quantum</span> <span class='ocrx_word' id='word_1_15' title='bbox 921 443 979 483; x_wconf 90' lang='lat' dir='ltr'>de</span> <span class='ocrx_word' id='word_1_16' title='bbox 1022 444 1211 485; x_wconf 86' lang='lat' dir='ltr'>redditu</span> <span class='ocrx_word' id='word_1_17' title='bbox 1250 444 1435 484; x_wconf 75' lang='lat' dir='ltr'>annuali</span> <span class='ocrx_word' id='word_1_18' title='bbox 1483 444 1530 484; x_wconf 91' lang='lat' dir='ltr'>in</span> <span class='ocrx_word' id='word_1_19' title='bbox 1575 444 1827 485; x_wconf 88' lang='lat' dir='ltr'>animarum</span> 
     </span>
     <span class='ocr_line' id='line_1_4' title="bbox 511 512 1826 568; baseline -0.001 -14"><span class='ocrx_word' id='word_1_20' title='bbox 511 514 771 568; x_wconf 87' lang='lat' dir='ltr'>periculum</span> <span class='ocrx_word' id='word_1_21' title='bbox 802 526 928 567; x_wconf 90' lang='lat' dir='ltr'>papa</span> <span class='ocrx_word' id='word_1_22' title='bbox 959 514 1060 553; x_wconf 88' lang='lat' dir='ltr'>vult</span> <span class='ocrx_word' id='word_1_23' title='bbox 1090 515 1267 554; x_wconf 89' lang='lat' dir='ltr'>habere</span> <span class='ocrx_word' id='word_1_24' title='bbox 1301 516 1359 554; x_wconf 90' lang='lat' dir='ltr'>de</span> <span class='ocrx_word' id='word_1_25' title='bbox 1391 513 1579 567; x_wconf 77' lang='lat' dir='ltr'>Anglia.</span> <span class='ocrx_word' id='word_1_26' title='bbox 1615 512 1724 564; x_wconf 87' lang='lat' dir='ltr'>Ista,</span> <span class='ocrx_word' id='word_1_27' title='bbox 1756 514 1826 554; x_wconf 90' lang='lat' dir='ltr'>in-</span> 
     </span>
     <span class='ocr_line' id='line_1_5' title="bbox 513 583 1829 637; baseline 0.001 -15"><span class='ocrx_word' id='word_1_28' title='bbox 513 596 662 637; x_wconf 83' lang='lat' dir='ltr'>quam,</span> <span class='ocrx_word' id='word_1_29' title='bbox 707 595 803 623; x_wconf 88' lang='lat' dir='ltr'>non</span> <span class='ocrx_word' id='word_1_30' title='bbox 848 589 920 622; x_wconf 88' lang='lat' dir='ltr'>est</span> <span class='ocrx_word' id='word_1_31' title='bbox 958 596 1052 623; x_wconf 87' lang='lat' dir='ltr'>vox</span> <span class='ocrx_word' id='word_1_32' title='bbox 1096 584 1281 636; x_wconf 79' lang='lat' dir='ltr'>egentis</span> <span class='ocrx_word' id='word_1_33' title='bbox 1315 585 1399 624; x_wconf 90' lang='lat' dir='ltr'>sed</span> <span class='ocrx_word' id='word_1_34' title='bbox 1436 583 1672 624; x_wconf 86' lang='lat' dir='ltr'>exactoris</span> <span class='ocrx_word' id='word_1_35' title='bbox 1703 586 1829 625; x_wconf 88' lang='lat' dir='ltr'>bona</span> 
     </span>
     <span class='ocr_line' id='line_1_6' title="bbox 512 651 1948 707; baseline 0 -14"><span class='ocrx_word' id='word_1_36' title='bbox 512 665 775 707; x_wconf 90' lang='lat' dir='ltr'>pauperum</span> <span class='ocrx_word' id='word_1_37' title='bbox 790 651 971 707; x_wconf 50' lang='lat' dir='ltr'>rapina}</span> <span class='ocrx_word' id='word_1_38' title='bbox 991 654 1190 694; x_wconf 89' lang='lat' dir='ltr'>subdola</span> <span class='ocrx_word' id='word_1_39' title='bbox 1212 654 1543 694; x_wconf 82' lang='lat' dir='ltr'>subtrahentis.</span> <span class='ocrx_word' id='word_1_40' title='bbox 1568 653 1682 694; x_wconf 86' lang='lat' dir='ltr'>Cum</span> <span class='ocrx_word' id='word_1_41' title='bbox 1707 653 1829 694; x_wconf 90' lang='lat' dir='ltr'>enim</span> <span class='ocrx_word' id='word_1_42' title='bbox 1869 660 1948 698; x_wconf 81' lang='lat' dir='ltr'>217c</span> 
     </span>
     <span class='ocr_line' id='line_1_7' title="bbox 513 722 1830 777; baseline -0.001 -13"><span class='ocrx_word' id='word_1_43' title='bbox 513 736 638 777; x_wconf 91' lang='lat' dir='ltr'>papa</span> <span class='ocrx_word' id='word_1_44' title='bbox 670 727 777 762; x_wconf 89' lang='lat' dir='ltr'>ante</span> <span class='ocrx_word' id='word_1_45' title='bbox 801 722 1099 763; x_wconf 88' lang='lat' dir='ltr'>dotacionern</span> <span class='ocrx_word' id='word_1_46' title='bbox 1125 724 1326 765; x_wconf 80' lang='lat' dir='ltr'>ecclesie</span> <span class='ocrx_word' id='word_1_47' title='bbox 1349 723 1449 763; x_wconf 89' lang='lat' dir='ltr'>sine</span> <span class='ocrx_word' id='word_1_48' title='bbox 1471 724 1551 764; x_wconf 90' lang='lat' dir='ltr'>tali</span> <span class='ocrx_word' id='word_1_49' title='bbox 1574 723 1830 764; x_wconf 89' lang='lat' dir='ltr'>elemosina</span> 
     </span>
     <span class='ocr_line' id='line_1_8' title="bbox 513 792 1829 846; baseline 0 -13"><span class='ocrx_word' id='word_1_50' title='bbox 513 792 678 833; x_wconf 88' lang='lat' dir='ltr'>melius</span> <span class='ocrx_word' id='word_1_51' title='bbox 724 792 939 832; x_wconf 89' lang='lat' dir='ltr'>exercuit</span> <span class='ocrx_word' id='word_1_52' title='bbox 995 793 1165 846; x_wconf 89' lang='lat' dir='ltr'>papale</span> <span class='ocrx_word' id='word_1_53' title='bbox 1211 793 1417 833; x_wconf 83' lang='lat' dir='ltr'>officium</span> <span class='ocrx_word' id='word_1_54' title='bbox 1465 799 1513 834; x_wconf 91' lang='lat' dir='ltr'>et</span> <span class='ocrx_word' id='word_1_55' title='bbox 1555 800 1668 846; x_wconf 93' lang='lat' dir='ltr'>post</span> <span class='ocrx_word' id='word_1_56' title='bbox 1701 793 1829 833; x_wconf 87' lang='lat' dir='ltr'>dota-</span> 
     </span>
     <span class='ocr_line' id='line_1_9' title="bbox 516 862 1832 916; baseline 0.001 -14"><span class='ocrx_word' id='word_1_57' title='bbox 516 862 700 903; x_wconf 87' lang='lat' dir='ltr'>cionem</span> <span class='ocrx_word' id='word_1_58' title='bbox 745 862 802 901; x_wconf 92' lang='lat' dir='ltr'>ad</span> <span class='ocrx_word' id='word_1_59' title='bbox 833 862 1043 902; x_wconf 88' lang='lat' dir='ltr'>valorem</span> <span class='ocrx_word' id='word_1_60' title='bbox 1088 862 1361 916; x_wconf 87' lang='lat' dir='ltr'>multiplicis</span> <span class='ocrx_word' id='word_1_61' title='bbox 1404 862 1541 916; x_wconf 82' lang='lat' dir='ltr'>regni</span> <span class='ocrx_word' id='word_1_62' title='bbox 1583 862 1733 903; x_wconf 82' lang='lat' dir='ltr'>nostri</span> <span class='ocrx_word' id='word_1_63' title='bbox 1772 862 1832 903; x_wconf 86' lang='lat' dir='ltr'>sit</span> 
     </span>
     <span class='ocr_line' id='line_1_10' title="bbox 514 931 1828 986; baseline 0 -14"><span class='ocrx_word' id='word_1_64' title='bbox 514 931 665 985; x_wconf 86' lang='lat' dir='ltr'>magis</span> <span class='ocrx_word' id='word_1_65' title='bbox 699 931 896 985; x_wconf 90' lang='lat' dir='ltr'>cupidus</span> <span class='ocrx_word' id='word_1_66' title='bbox 931 937 978 973; x_wconf 91' lang='lat' dir='ltr'>et</span> <span class='ocrx_word' id='word_1_67' title='bbox 998 931 1046 972; x_wconf 91' lang='lat' dir='ltr'>in</span> <span class='ocrx_word' id='word_1_68' title='bbox 1069 932 1294 985; x_wconf 86' lang='lat' dir='ltr'>operibus</span> <span class='ocrx_word' id='word_1_69' title='bbox 1316 933 1423 986; x_wconf 91' lang='lat' dir='ltr'>plus</span> <span class='ocrx_word' id='word_1_70' title='bbox 1445 932 1685 983; x_wconf 76' lang='lat' dir='ltr'>remissus,</span> <span class='ocrx_word' id='word_1_71' title='bbox 1716 945 1828 986; x_wconf 92' lang='lat' dir='ltr'>pro-</span> 
     </span>
     <span class='ocr_line' id='line_1_11' title="bbox 514 1001 1890 1056; baseline -0.001 -12"><span class='ocrx_word' id='word_1_72' title='bbox 514 1001 671 1044; x_wconf 83' lang='lat' dir='ltr'>babile</span> <span class='ocrx_word' id='word_1_73' title='bbox 706 1006 777 1041; x_wconf 89' lang='lat' dir='ltr'>est</span> <span class='ocrx_word' id='word_1_74' title='bbox 811 1001 936 1054; x_wconf 87' lang='lat' dir='ltr'>quod</span> <span class='ocrx_word' id='word_1_75' title='bbox 967 1002 1075 1055; x_wconf 90' lang='lat' dir='ltr'>plus</span> <span class='ocrx_word' id='word_1_76' title='bbox 1099 1002 1353 1043; x_wconf 88' lang='lat' dir='ltr'>elemosine</span> <span class='ocrx_word' id='word_1_77' title='bbox 1376 1002 1524 1056; x_wconf 83' lang='lat' dir='ltr'>magis</span> <span class='ocrx_word' id='word_1_78' title='bbox 1547 1003 1833 1043; x_wconf 89' lang='lat' dir='ltr'>accenderet</span> <span class='ocrx_word' id='word_1_79' title='bbox 1852 1016 1890 1037; x_wconf 86' lang='lat'>10</span> 
     </span>
     <span class='ocr_line' id='line_1_12' title="bbox 518 1070 1831 1125; baseline -0.001 -13"><span class='ocrx_word' id='word_1_80' title='bbox 518 1071 618 1112; x_wconf 89' lang='lat' dir='ltr'>eius</span> <span class='ocrx_word' id='word_1_81' title='bbox 664 1070 945 1124; x_wconf 80' lang='lat' dir='ltr'>cupidinem,</span> <span class='ocrx_word' id='word_1_82' title='bbox 989 1077 1041 1112; x_wconf 92' lang='lat' dir='ltr'>ut</span> <span class='ocrx_word' id='word_1_83' title='bbox 1085 1071 1182 1112; x_wconf 88' lang='lat' dir='ltr'>dixi</span> <span class='ocrx_word' id='word_1_84' title='bbox 1226 1072 1443 1125; x_wconf 88' lang='lat' dir='ltr'>superius</span> <span class='ocrx_word' id='word_1_85' title='bbox 1477 1085 1539 1111; x_wconf 87' lang='lat' dir='ltr'>ex</span> <span class='ocrx_word' id='word_1_86' title='bbox 1571 1071 1831 1112; x_wconf 80' lang='lat' dir='ltr'>Salamonis</span> 
     </span>
    </p>

    <p class='ocr_par' dir='ltr' id='par_1_3' title="bbox 247 1140 1833 1210">
     <span class='ocr_line' id='line_1_13' title="bbox 247 1140 1833 1210; baseline -0.001 -27"><span class='ocrx_word' id='word_1_87' title='bbox 247 1147 483 1210; x_wconf 52' lang='lat' dir='ltr'>sss&#39;iffirssffioeof</span> <span class='ocrx_word' id='word_1_88' title='bbox 518 1140 760 1183; x_wconf 84' lang='lat' dir='ltr'>sentencia</span> <span class='ocrx_word' id='word_1_89' title='bbox 790 1141 1107 1182; x_wconf 83' lang='lat' dir='ltr'>Ecclesiastes</span> <span class='ocrx_word' id='word_1_90' title='bbox 1139 1141 1198 1183; x_wconf 89' lang='lat' dir='ltr'>V.</span> <span class='ocrx_word' id='word_1_91' title='bbox 1252 1140 1331 1183; x_wconf 89' lang='lat' dir='ltr'>Sic</span> <span class='ocrx_word' id='word_1_92' title='bbox 1364 1142 1485 1182; x_wconf 90' lang='lat' dir='ltr'>enim</span> <span class='ocrx_word' id='word_1_93' title='bbox 1524 1141 1755 1195; x_wconf 82' lang='lat' dir='ltr'>contingit</span> <span class='ocrx_word' id='word_1_94' title='bbox 1785 1141 1833 1181; x_wconf 90' lang='lat' dir='ltr'>in</span> 
     </span>
    </p>

    <p class='ocr_par' dir='ltr' id='par_1_4' title="bbox 265 1210 1896 1893">
     <span class='ocr_line' id='line_1_14' title="bbox 265 1210 1832 1265; baseline 0 -14"><span class='ocrx_word' id='word_1_95' title='bbox 265 1217 473 1245; x_wconf 75' lang='lat' dir='ltr'>endowment·</span> <span class='ocrx_word' id='word_1_96' title='bbox 518 1210 617 1251; x_wconf 89' lang='lat' dir='ltr'>aliis</span> <span class='ocrx_word' id='word_1_97' title='bbox 638 1210 798 1265; x_wconf 85' lang='lat' dir='ltr'>regnis</span> <span class='ocrx_word' id='word_1_98' title='bbox 821 1210 973 1252; x_wconf 81' lang='lat' dir='ltr'>nostri</span> <span class='ocrx_word' id='word_1_99' title='bbox 994 1212 1236 1264; x_wconf 88' lang='lat' dir='ltr'>temporis,</span> <span class='ocrx_word' id='word_1_100' title='bbox 1266 1225 1384 1265; x_wconf 87' lang='lat' dir='ltr'>quos</span> <span class='ocrx_word' id='word_1_101' title='bbox 1410 1212 1631 1252; x_wconf 84' lang='lat' dir='ltr'>dotarunt</span> <span class='ocrx_word' id='word_1_102' title='bbox 1645 1211 1832 1261; x_wconf 86' lang='lat' dir='ltr'>domini,</span> 
     </span>
     <span class='ocr_line' id='line_1_15' title="bbox 518 1280 1835 1336; baseline 0 -15"><span class='ocrx_word' id='word_1_103' title='bbox 518 1287 570 1321; x_wconf 89' lang='lat' dir='ltr'>ut</span> <span class='ocrx_word' id='word_1_104' title='bbox 613 1280 826 1334; x_wconf 86' lang='lat' dir='ltr'>quiecius</span> <span class='ocrx_word' id='word_1_105' title='bbox 872 1281 1167 1334; x_wconf 87' lang='lat' dir='ltr'>complerent</span> <span class='ocrx_word' id='word_1_106' title='bbox 1224 1282 1498 1336; x_wconf 86' lang='lat' dir='ltr'>episcopale</span> <span class='ocrx_word' id='word_1_107' title='bbox 1537 1280 1741 1322; x_wconf 87' lang='lat' dir='ltr'>officium</span> <span class='ocrx_word' id='word_1_108' title='bbox 1788 1286 1835 1321; x_wconf 90' lang='lat' dir='ltr'>et</span> 
     </span>
     <span class='ocr_line' id='line_1_16' title="bbox 517 1350 1890 1405; baseline 0 -14"><span class='ocrx_word' id='word_1_109' title='bbox 517 1351 668 1391; x_wconf 91' lang='lat' dir='ltr'>minus</span> <span class='ocrx_word' id='word_1_110' title='bbox 702 1350 919 1391; x_wconf 87' lang='lat' dir='ltr'>subditos</span> <span class='ocrx_word' id='word_1_111' title='bbox 943 1358 1207 1402; x_wconf 88' lang='lat' dir='ltr'>onerarent,</span> <span class='ocrx_word' id='word_1_112' title='bbox 1239 1352 1285 1392; x_wconf 90' lang='lat' dir='ltr'>in</span> <span class='ocrx_word' id='word_1_113' title='bbox 1308 1365 1415 1405; x_wconf 87' lang='lat' dir='ltr'>quo,</span> <span class='ocrx_word' id='word_1_114' title='bbox 1440 1351 1549 1405; x_wconf 88' lang='lat' dir='ltr'>quia</span> <span class='ocrx_word' id='word_1_115' title='bbox 1576 1351 1832 1404; x_wconf 87' lang='lat' dir='ltr'>derelique-</span> <span class='ocrx_word' id='word_1_116' title='bbox 1855 1354 1890 1386; x_wconf 79' lang='lat'>15</span> 
     </span>
     <span class='ocr_line' id='line_1_17' title="bbox 518 1419 1834 1475; baseline 0.001 -15"><span class='ocrx_word' id='word_1_117' title='bbox 518 1426 626 1461; x_wconf 88' lang='lat' dir='ltr'>runt</span> <span class='ocrx_word' id='word_1_118' title='bbox 650 1419 823 1461; x_wconf 88' lang='lat' dir='ltr'>Christi</span> <span class='ocrx_word' id='word_1_119' title='bbox 843 1421 1068 1473; x_wconf 83' lang='lat' dir='ltr'>regulam,</span> <span class='ocrx_word' id='word_1_120' title='bbox 1093 1421 1141 1461; x_wconf 91' lang='lat' dir='ltr'>in</span> <span class='ocrx_word' id='word_1_121' title='bbox 1162 1426 1266 1463; x_wconf 91' lang='lat' dir='ltr'>toto</span> <span class='ocrx_word' id='word_1_122' title='bbox 1292 1421 1525 1475; x_wconf 84' lang='lat' dir='ltr'>contingit</span> <span class='ocrx_word' id='word_1_123' title='bbox 1547 1420 1834 1474; x_wconf 88' lang='lat' dir='ltr'>oppositum.</span> 
     </span>
     <span class='ocr_line' id='line_1_18' title="bbox 520 1489 1834 1545; baseline -0.002 -13"><span class='ocrx_word' id='word_1_124' title='bbox 520 1489 641 1532; x_wconf 86' lang='lat' dir='ltr'>Sunt</span> <span class='ocrx_word' id='word_1_125' title='bbox 685 1490 806 1531; x_wconf 90' lang='lat' dir='ltr'>enim</span> <span class='ocrx_word' id='word_1_126' title='bbox 848 1490 896 1531; x_wconf 90' lang='lat' dir='ltr'>in</span> <span class='ocrx_word' id='word_1_127' title='bbox 927 1490 1288 1532; x_wconf 83' lang='lat' dir='ltr'>visitacionibus</span> <span class='ocrx_word' id='word_1_128' title='bbox 1321 1492 1426 1545; x_wconf 89' lang='lat' dir='ltr'>plus</span> <span class='ocrx_word' id='word_1_129' title='bbox 1467 1490 1639 1544; x_wconf 88' lang='lat' dir='ltr'>cupidi,</span> <span class='ocrx_word' id='word_1_130' title='bbox 1683 1491 1834 1531; x_wconf 89' lang='lat' dir='ltr'>minus</span> 
     </span>
     <span class='ocr_line' id='line_1_19' title="bbox 518 1560 1837 1615; baseline 0.001 -15"><span class='ocrx_word' id='word_1_131' title='bbox 518 1560 826 1601; x_wconf 88' lang='lat' dir='ltr'>intendentes</span> <span class='ocrx_word' id='word_1_132' title='bbox 859 1560 1089 1615; x_wconf 83' lang='lat' dir='ltr'>spirituali</span> <span class='ocrx_word' id='word_1_133' title='bbox 1118 1561 1359 1615; x_wconf 88' lang='lat' dir='ltr'>profectui</span> <span class='ocrx_word' id='word_1_134' title='bbox 1403 1567 1451 1602; x_wconf 92' lang='lat' dir='ltr'>et</span> <span class='ocrx_word' id='word_1_135' title='bbox 1493 1562 1601 1615; x_wconf 92' lang='lat' dir='ltr'>plus</span> <span class='ocrx_word' id='word_1_136' title='bbox 1634 1560 1837 1602; x_wconf 89' lang='lat' dir='ltr'>subditis</span> 
     </span>
     <span class='ocr_line' id='line_1_20' title="bbox 521 1629 1836 1685; baseline 0.001 -16"><span class='ocrx_word' id='word_1_137' title='bbox 521 1629 724 1680; x_wconf 83' lang='lat' dir='ltr'>onerosi,</span> <span class='ocrx_word' id='word_1_138' title='bbox 745 1630 793 1670; x_wconf 91' lang='lat' dir='ltr'>in</span> <span class='ocrx_word' id='word_1_139' title='bbox 815 1636 993 1672; x_wconf 89' lang='lat' dir='ltr'>tantum</span> <span class='ocrx_word' id='word_1_140' title='bbox 1009 1631 1149 1684; x_wconf 91' lang='lat' dir='ltr'>quod,</span> <span class='ocrx_word' id='word_1_141' title='bbox 1172 1636 1225 1672; x_wconf 91' lang='lat' dir='ltr'>ut</span> <span class='ocrx_word' id='word_1_142' title='bbox 1240 1631 1427 1685; x_wconf 90' lang='lat' dir='ltr'>experti</span> <span class='ocrx_word' id='word_1_143' title='bbox 1441 1631 1664 1681; x_wconf 85' lang='lat' dir='ltr'>referunt,</span> <span class='ocrx_word' id='word_1_144' title='bbox 1687 1629 1836 1671; x_wconf 88' lang='lat' dir='ltr'>multi-</span> 
     </span>
     <span class='ocr_line' id='line_1_21' title="bbox 520 1699 1896 1755; baseline 0.001 -16"><span class='ocrx_word' id='word_1_145' title='bbox 520 1700 636 1740; x_wconf 85' lang='lat' dir='ltr'>tudo</span> <span class='ocrx_word' id='word_1_146' title='bbox 668 1699 987 1741; x_wconf 88' lang='lat' dir='ltr'>ministrorum</span> <span class='ocrx_word' id='word_1_147' title='bbox 1021 1700 1236 1755; x_wconf 87' lang='lat' dir='ltr'>episcopi</span> <span class='ocrx_word' id='word_1_148' title='bbox 1270 1701 1482 1742; x_wconf 83' lang='lat' dir='ltr'>excoriat</span> <span class='ocrx_word' id='word_1_149' title='bbox 1503 1714 1754 1755; x_wconf 82' lang='lat' dir='ltr'>pauperes,</span> <span class='ocrx_word' id='word_1_150' title='bbox 1787 1704 1839 1740; x_wconf 89' lang='lat' dir='ltr'>ut</span> <span class='ocrx_word' id='word_1_151' title='bbox 1855 1712 1896 1735; x_wconf 83' lang='lat'>20</span> 
     </span>
     <span class='ocr_line' id='line_1_22' title="bbox 523 1769 1839 1824; baseline -0.001 -14"><span class='ocrx_word' id='word_1_152' title='bbox 523 1769 741 1823; x_wconf 86' lang='lat' dir='ltr'>scriptor,</span> <span class='ocrx_word' id='word_1_153' title='bbox 758 1769 999 1824; x_wconf 82' lang='lat' dir='ltr'>sigillator,</span> <span class='ocrx_word' id='word_1_154' title='bbox 1013 1771 1319 1812; x_wconf 84' lang='lat' dir='ltr'>barbitonsor</span> <span class='ocrx_word' id='word_1_155' title='bbox 1342 1776 1390 1812; x_wconf 87' lang='lat' dir='ltr'>et</span> <span class='ocrx_word' id='word_1_156' title='bbox 1413 1771 1559 1812; x_wconf 90' lang='lat' dir='ltr'>ceteri</span> <span class='ocrx_word' id='word_1_157' title='bbox 1580 1771 1839 1811; x_wconf 89' lang='lat' dir='ltr'>secundum</span> 
     </span>
     <span class='ocr_line' id='line_1_23' title="bbox 523 1838 1396 1893; baseline 0.002 -13"><span class='ocrx_word' id='word_1_158' title='bbox 523 1838 785 1893; x_wconf 87' lang='lat' dir='ltr'>superfluas</span> <span class='ocrx_word' id='word_1_159' title='bbox 819 1840 1098 1881; x_wconf 85' lang='lat' dir='ltr'>cerimonias</span> <span class='ocrx_word' id='word_1_160' title='bbox 1128 1840 1396 1882; x_wconf 87' lang='lat' dir='ltr'>introducti.</span> 
     </span>
    </p>

    <p class='ocr_par' dir='ltr' id='par_1_5' title="bbox 253 1908 1839 1964">
     <span class='ocr_line' id='line_1_24' title="bbox 253 1908 1839 1964; baseline 0.001 -17"><span class='ocrx_word' id='word_1_161' title='bbox 253 1912 321 1941; x_wconf 83' lang='lat' dir='ltr'>The</span> <span class='ocrx_word' id='word_1_162' title='bbox 342 1921 422 1948; x_wconf 69' lang='lat' dir='ltr'>pope</span> <span class='ocrx_word' id='word_1_163' title='bbox 443 1913 497 1941; x_wconf 78' lang='lat' dir='ltr'>has</span> <span class='ocrx_word' id='word_1_164' title='bbox 581 1908 714 1960; x_wconf 88' lang='lat' dir='ltr'>Item,</span> <span class='ocrx_word' id='word_1_165' title='bbox 759 1911 1050 1963; x_wconf 87' lang='lat' dir='ltr'>querendum</span> <span class='ocrx_word' id='word_1_166' title='bbox 1095 1917 1166 1951; x_wconf 91' lang='lat' dir='ltr'>est</span> <span class='ocrx_word' id='word_1_167' title='bbox 1199 1924 1291 1964; x_wconf 88' lang='lat' dir='ltr'>quo</span> <span class='ocrx_word' id='word_1_168' title='bbox 1324 1910 1424 1951; x_wconf 90' lang='lat' dir='ltr'>iure</span> <span class='ocrx_word' id='word_1_169' title='bbox 1463 1924 1587 1964; x_wconf 84' lang='lat' dir='ltr'>papa</span> <span class='ocrx_word' id='word_1_170' title='bbox 1617 1909 1839 1951; x_wconf 88' lang='lat' dir='ltr'>vendicat</span> 
     </span>
    </p>
   </div>
   <div class='ocr_carea' id='block_1_3' title="bbox 262 1948 1850 2033">
    <p class='ocr_par' dir='ltr' id='par_1_6' title="bbox 262 1948 1850 2033">
     <span class='ocr_line' id='line_1_25' title="bbox 262 1948 1850 2033; baseline -0.001 -13"><span class='ocrx_word' id='word_1_171' title='bbox 262 1948 481 2019; x_wconf 44' lang='lat' dir='ltr'>esssscssffissntg&#39;y</span> <span class='ocrx_word' id='word_1_172' title='bbox 525 1993 549 2020; x_wconf 87' lang='lat' dir='ltr'>a</span> <span class='ocrx_word' id='word_1_173' title='bbox 578 1992 730 2033; x_wconf 84' lang='lat' dir='ltr'>regno</span> <span class='ocrx_word' id='word_1_174' title='bbox 764 1979 938 2033; x_wconf 86' lang='lat' dir='ltr'>Anglie</span> <span class='ocrx_word' id='word_1_175' title='bbox 970 1985 1063 2020; x_wconf 89' lang='lat' dir='ltr'>tam</span> <span class='ocrx_word' id='word_1_176' title='bbox 1096 1980 1389 2021; x_wconf 89' lang='lat' dir='ltr'>dominanter</span> <span class='ocrx_word' id='word_1_177' title='bbox 1421 1979 1700 2027; x_wconf 88' lang='lat' dir='ltr'>subsidium;</span> <span class='ocrx_word' id='word_1_178' title='bbox 1744 1992 1850 2019; x_wconf 15' lang='lat' dir='ltr'>non?</span> 
     </span>
    </p>
   </div>
   <div class='ocr_carea' id='block_1_4' title="bbox 242 2017 1903 2732">
    <p class='ocr_par' dir='ltr' id='par_1_7' title="bbox 242 2017 1903 2732">
     <span class='ocr_line' id='line_1_26' title="bbox 242 2017 1896 2103; baseline -0.001 -13"><span class='ocrx_word' id='word_1_179' title='bbox 242 2017 325 2045; x_wconf 78' lang='lat' dir='ltr'>from</span> <span class='ocrx_word' id='word_1_180' title='bbox 346 2017 500 2053; x_wconf 80' lang='lat' dir='ltr'>England.</span> <span class='ocrx_word' id='word_1_181' title='bbox 523 2049 625 2090; x_wconf 87' lang='lat' dir='ltr'>iure</span> <span class='ocrx_word' id='word_1_182' title='bbox 669 2048 843 2100; x_wconf 89' lang='lat' dir='ltr'>divino,</span> <span class='ocrx_word' id='word_1_183' title='bbox 889 2063 991 2090; x_wconf 90' lang='lat' dir='ltr'>cum</span> <span class='ocrx_word' id='word_1_184' title='bbox 1033 2050 1189 2103; x_wconf 89' lang='lat' dir='ltr'>ipsum</span> <span class='ocrx_word' id='word_1_185' title='bbox 1226 2050 1395 2090; x_wconf 87' lang='lat' dir='ltr'>limitat</span> <span class='ocrx_word' id='word_1_186' title='bbox 1424 2050 1523 2090; x_wconf 90' lang='lat' dir='ltr'>vite</span> <span class='ocrx_word' id='word_1_187' title='bbox 1560 2048 1896 2100; x_wconf 76' lang='lat' dir='ltr'>necessaria,25</span> 
     </span>
     <span class='ocr_line' id='line_1_27' title="bbox 526 2119 1842 2174; baseline -0.001 -15"><span class='ocrx_word' id='word_1_188' title='bbox 526 2120 584 2159; x_wconf 90' lang='lat' dir='ltr'>de</span> <span class='ocrx_word' id='word_1_189' title='bbox 618 2124 793 2173; x_wconf 88' lang='lat' dir='ltr'>quanto</span> <span class='ocrx_word' id='word_1_190' title='bbox 828 2125 1062 2161; x_wconf 88' lang='lat' dir='ltr'>sustentat</span> <span class='ocrx_word' id='word_1_191' title='bbox 1091 2120 1139 2160; x_wconf 90' lang='lat' dir='ltr'>in</span> <span class='ocrx_word' id='word_1_192' title='bbox 1172 2119 1420 2174; x_wconf 86' lang='lat' dir='ltr'>evangelio</span> <span class='ocrx_word' id='word_1_193' title='bbox 1452 2120 1757 2169; x_wconf 86' lang='lat' dir='ltr'>laborantem,</span> <span class='ocrx_word' id='word_1_194' title='bbox 1789 2123 1842 2158; x_wconf 92' lang='lat' dir='ltr'>ut</span> 
     </span>
     <span class='ocr_line' id='line_1_28' title="bbox 524 2187 1843 2243; baseline -0.001 -14"><span class='ocrx_word' id='word_1_195' title='bbox 524 2193 660 2240; x_wconf 86' lang='lat' dir='ltr'>patet</span> <span class='ocrx_word' id='word_1_196' title='bbox 681 2188 714 2229; x_wconf 94' lang='lat' dir='ltr'>I.</span> <span class='ocrx_word' id='word_1_197' title='bbox 738 2187 840 2230; x_wconf 91' lang='lat' dir='ltr'>Cor.</span> <span class='ocrx_word' id='word_1_198' title='bbox 861 2188 949 2230; x_wconf 85' lang='lat' dir='ltr'>IX.</span> <span class='ocrx_word' id='word_1_199' title='bbox 984 2189 1098 2230; x_wconf 86' lang='lat' dir='ltr'>Cum</span> <span class='ocrx_word' id='word_1_200' title='bbox 1119 2189 1264 2243; x_wconf 81' lang='lat' dir='ltr'>igitur</span> <span class='ocrx_word' id='word_1_201' title='bbox 1285 2202 1409 2243; x_wconf 88' lang='lat' dir='ltr'>papa</span> <span class='ocrx_word' id='word_1_202' title='bbox 1430 2202 1527 2229; x_wconf 88' lang='lat' dir='ltr'>non</span> <span class='ocrx_word' id='word_1_203' title='bbox 1551 2187 1843 2242; x_wconf 87' lang='lat' dir='ltr'>evangelizat</span> 
     </span>
     <span class='ocr_line' id='line_1_29' title="bbox 526 2257 1842 2312; baseline -0.001 -14"><span class='ocrx_word' id='word_1_204' title='bbox 526 2258 716 2311; x_wconf 84' lang='lat' dir='ltr'>Anglie,</span> <span class='ocrx_word' id='word_1_205' title='bbox 741 2259 825 2298; x_wconf 88' lang='lat' dir='ltr'>sed</span> <span class='ocrx_word' id='word_1_206' title='bbox 842 2260 1165 2299; x_wconf 85' lang='lat' dir='ltr'>consumendo</span> <span class='ocrx_word' id='word_1_207' title='bbox 1181 2272 1411 2312; x_wconf 90' lang='lat' dir='ltr'>personas</span> <span class='ocrx_word' id='word_1_208' title='bbox 1427 2265 1571 2311; x_wconf 89' lang='lat' dir='ltr'>atque</span> <span class='ocrx_word' id='word_1_209' title='bbox 1593 2257 1842 2312; x_wconf 88' lang='lat' dir='ltr'>pecuniam</span> 
     </span>
     <span class='ocr_line' id='line_1_30' title="bbox 526 2327 1844 2383; baseline -0.001 -15"><span class='ocrx_word' id='word_1_210' title='bbox 526 2341 613 2382; x_wconf 91' lang='lat' dir='ltr'>per</span> <span class='ocrx_word' id='word_1_211' title='bbox 635 2341 763 2369; x_wconf 88' lang='lat' dir='ltr'>suam</span> <span class='ocrx_word' id='word_1_212' title='bbox 792 2335 1008 2370; x_wconf 86' lang='lat' dir='ltr'>vocatam</span> <span class='ocrx_word' id='word_1_213' title='bbox 1029 2329 1261 2370; x_wconf 89' lang='lat' dir='ltr'>iusticiam</span> <span class='ocrx_word' id='word_1_214' title='bbox 1283 2328 1605 2383; x_wconf 88' lang='lat' dir='ltr'>multipliciter</span> <span class='ocrx_word' id='word_1_215' title='bbox 1628 2327 1844 2368; x_wconf 85' lang='lat' dir='ltr'>debilitat</span> 
     </span>
     <span class='ocr_line' id='line_1_31' title="bbox 526 2397 1903 2452; baseline -0.002 -14"><span class='ocrx_word' id='word_1_216' title='bbox 526 2411 726 2452; x_wconf 87' lang='lat' dir='ltr'>regnum</span> <span class='ocrx_word' id='word_1_217' title='bbox 769 2404 994 2449; x_wconf 88' lang='lat' dir='ltr'>nostrum,</span> <span class='ocrx_word' id='word_1_218' title='bbox 1040 2398 1228 2440; x_wconf 87' lang='lat' dir='ltr'>videtur</span> <span class='ocrx_word' id='word_1_219' title='bbox 1261 2400 1388 2452; x_wconf 87' lang='lat' dir='ltr'>quod</span> <span class='ocrx_word' id='word_1_220' title='bbox 1420 2411 1515 2439; x_wconf 91' lang='lat' dir='ltr'>non</span> <span class='ocrx_word' id='word_1_221' title='bbox 1548 2397 1721 2438; x_wconf 78' lang='lat' dir='ltr'>exinde</span> <span class='ocrx_word' id='word_1_222' title='bbox 1753 2410 1843 2437; x_wconf 91' lang='lat' dir='ltr'>me·</span> <span class='ocrx_word' id='word_1_223' title='bbox 1861 2401 1903 2434; x_wconf 84' lang='lat'>30</span> 
     </span>
     <span class='ocr_line' id='line_1_32' title="bbox 527 2466 1843 2521; baseline -0.001 -14"><span class='ocrx_word' id='word_1_224' title='bbox 527 2476 656 2508; x_wconf 87' lang='lat' dir='ltr'>retur</span> <span class='ocrx_word' id='word_1_225' title='bbox 713 2482 740 2509; x_wconf 87' lang='lat' dir='ltr'>a</span> <span class='ocrx_word' id='word_1_226' title='bbox 789 2468 927 2509; x_wconf 90' lang='lat' dir='ltr'>nobis</span> <span class='ocrx_word' id='word_1_227' title='bbox 984 2468 1376 2510; x_wconf 87' lang='lat' dir='ltr'>benediccionem</span> <span class='ocrx_word' id='word_1_228' title='bbox 1432 2468 1661 2521; x_wconf 88' lang='lat' dir='ltr'>recipere.</span> <span class='ocrx_word' id='word_1_229' title='bbox 1726 2466 1843 2507; x_wconf 89' lang='lat' dir='ltr'>Ideo</span> 
     </span>
     <span class='ocr_line' id='line_1_33' title="bbox 530 2536 1846 2592; baseline -0.002 -14"><span class='ocrx_word' id='word_1_230' title='bbox 530 2543 720 2591; x_wconf 90' lang='lat' dir='ltr'>oportet</span> <span class='ocrx_word' id='word_1_231' title='bbox 772 2539 900 2592; x_wconf 88' lang='lat' dir='ltr'>quod</span> <span class='ocrx_word' id='word_1_232' title='bbox 944 2538 1045 2579; x_wconf 90' lang='lat' dir='ltr'>iure</span> <span class='ocrx_word' id='word_1_233' title='bbox 1090 2539 1265 2580; x_wconf 87' lang='lat' dir='ltr'>cesaris</span> <span class='ocrx_word' id='word_1_234' title='bbox 1308 2538 1530 2579; x_wconf 87' lang='lat' dir='ltr'>vendicet</span> <span class='ocrx_word' id='word_1_235' title='bbox 1579 2536 1846 2578; x_wconf 86' lang='lat' dir='ltr'>huiusmodi</span> 
     </span>
     <span class='ocr_line' id='line_1_34' title="bbox 528 2605 1846 2662; baseline -0.002 -15"><span class='ocrx_word' id='word_1_236' title='bbox 528 2607 855 2661; x_wconf 90' lang='lat' dir='ltr'>principatum,</span> <span class='ocrx_word' id='word_1_237' title='bbox 888 2614 938 2649; x_wconf 90' lang='lat' dir='ltr'>ut</span> <span class='ocrx_word' id='word_1_238' title='bbox 970 2608 1292 2662; x_wconf 85' lang='lat' dir='ltr'>multipliciter</span> <span class='ocrx_word' id='word_1_239' title='bbox 1325 2609 1608 2648; x_wconf 89' lang='lat' dir='ltr'>declaratum</span> <span class='ocrx_word' id='word_1_240' title='bbox 1632 2612 1704 2646; x_wconf 89' lang='lat' dir='ltr'>est</span> <span class='ocrx_word' id='word_1_241' title='bbox 1725 2605 1846 2646; x_wconf 89' lang='lat' dir='ltr'>VIII</span> 
     </span>
     <span class='ocr_line' id='line_1_35' title="bbox 531 2675 1844 2732; baseline -0.002 -15"><span class='ocrx_word' id='word_1_242' title='bbox 531 2690 632 2731; x_wconf 86' lang='lat' dir='ltr'>cap.</span> <span class='ocrx_word' id='word_1_243' title='bbox 667 2677 765 2719; x_wconf 90' lang='lat' dir='ltr'>Sed</span> <span class='ocrx_word' id='word_1_244' title='bbox 798 2691 900 2718; x_wconf 90' lang='lat' dir='ltr'>cum</span> <span class='ocrx_word' id='word_1_245' title='bbox 931 2692 1131 2732; x_wconf 81' lang='lat' dir='ltr'>regnum</span> <span class='ocrx_word' id='word_1_246' title='bbox 1162 2678 1339 2732; x_wconf 81' lang='lat' dir='ltr'>Anglie</span> <span class='ocrx_word' id='word_1_247' title='bbox 1372 2691 1467 2718; x_wconf 92' lang='lat' dir='ltr'>non</span> <span class='ocrx_word' id='word_1_248' title='bbox 1502 2676 1715 2718; x_wconf 90' lang='lat' dir='ltr'>subiacet</span> <span class='ocrx_word' id='word_1_249' title='bbox 1746 2675 1844 2716; x_wconf 82' lang='lat' dir='ltr'>Ro-</span> 
     </span>
    </p>
   </div>
   <div class='ocr_carea' id='block_1_5' title="bbox 529 2746 1902 2802">
    <p class='ocr_par' dir='ltr' id='par_1_8' title="bbox 529 2746 1902 2802">
     <span class='ocr_line' id='line_1_36' title="bbox 529 2746 1902 2802; baseline -0.004 -14"><span class='ocrx_word' id='word_1_250' title='bbox 529 2761 665 2788; x_wconf 88' lang='lat' dir='ltr'>mano</span> <span class='ocrx_word' id='word_1_251' title='bbox 709 2747 924 2802; x_wconf 84' lang='lat' dir='ltr'>imperio,</span> <span class='ocrx_word' id='word_1_252' title='bbox 968 2748 1156 2789; x_wconf 88' lang='lat' dir='ltr'>videtur</span> <span class='ocrx_word' id='word_1_253' title='bbox 1201 2748 1330 2801; x_wconf 89' lang='lat' dir='ltr'>quod</span> <span class='ocrx_word' id='word_1_254' title='bbox 1362 2760 1457 2788; x_wconf 89' lang='lat' dir='ltr'>non</span> <span class='ocrx_word' id='word_1_255' title='bbox 1493 2747 1593 2787; x_wconf 89' lang='lat' dir='ltr'>iure</span> <span class='ocrx_word' id='word_1_256' title='bbox 1629 2746 1707 2786; x_wconf 89' lang='lat' dir='ltr'>vel</span> <span class='ocrx_word' id='word_1_257' title='bbox 1741 2749 1902 2785; x_wconf 78' lang='lat' dir='ltr'>con-35</span> 
     </span>
    </p>
   </div>
   <div class='ocr_carea' id='block_1_6' title="bbox 601 2907 1434 2936">
    <p class='ocr_par' dir='ltr' id='par_1_9' title="bbox 601 2907 1434 2936">
     <span class='ocr_line' id='line_1_37' title="bbox 601 2907 1434 2936; baseline -0.002 0"><span class='ocrx_word' id='word_1_258' title='bbox 601 2907 648 2936; x_wconf 83' lang='lat'>25.</span> <span class='ocrx_word' id='word_1_259' title='bbox 672 2907 788 2936; x_wconf 87' lang='lat' dir='ltr'>Codd.:</span> <span class='ocrx_word' id='word_1_260' title='bbox 809 2908 877 2936; x_wconf 82' lang='lat' dir='ltr'>iure</span> <span class='ocrx_word' id='word_1_261' title='bbox 897 2908 1044 2935; x_wconf 82' lang='lat' dir='ltr'>dominio.</span> <span class='ocrx_word' id='word_1_262' title='bbox 1120 2907 1167 2936; x_wconf 86' lang='lat'>26.</span> <span class='ocrx_word' id='word_1_263' title='bbox 1187 2908 1231 2935; x_wconf 93' lang='lat' dir='ltr'>A:</span> <span class='ocrx_word' id='word_1_264' title='bbox 1251 2908 1434 2935; x_wconf 77' lang='lat' dir='ltr'>sustentant.</span> 
     </span>
    </p>
   </div>
  </div>
 </body>
</html>
