2078 3338
238 262 327 289 CAP.
354 250 437 308 ΧΠ]
634 265 691 296 DE
720 264 999 296 POTESTATE
1029 265 1156 296 PAPE.

121 372 197 407 256¹*
237 369 365 423 quod
407 370 614 423 populus
657 369 929 423 percipiens
978 382 1106 410 suam
1151 370 1414 411 versuciem
1450 371 1454 422 Ι
1488 384 1556 410 re-

234 439 446 480 bellaret.

291 508 431 548 Unde
461 508 607 563 logici
638 508 948 563 multiplicant
985 508 1033 549 in
1069 508 1160 550 ista
1190 510 1386 549 materia
1421 525 1556 564 argu-

233 584 405 629 menta,
450 584 502 618 ut
539 578 699 631 posito
741 579 871 632 quod
907 592 1031 632 papa
1068 580 1146 619 vel
1191 579 1308 619 alius
1346 581 1556 632 prelatus

203 647 446 701 fiiniungat
485 648 763 701 cuicumque
797 648 967 688 clerico
1002 648 1092 690 sibi
1130 648 1346 689 subiecto
1380 650 1555 690 virtute

234 730 367 757 sacre
399 717 681 758 obediencie
722 724 768 757 et
807 720 894 759 sub
936 719 1138 758 obtentu
1177 719 1496 759 absolucionis
1532 734 1556 760 a

231 800 354 840 pena
398 792 446 827 et
501 789 639 841 culpa
683 789 760 827 vel
805 788 996 829 alterius
1047 786 1260 842 suffragii
1298 789 1554 842 spiritualis

232 857 359 909 quod
399 856 563 897 obviet
599 857 752 910 primo
790 858 932 910 plene
970 870 1095 910 pape
1134 857 1379 899 obedienti
1412 865 1458 899 et
1490 859 1553 899 in—

229 926 394 980 iungat
417 926 695 980 cuicumque
717 927 854 980 layco
879 929 967 968 sub
989 926 1141 966 forma
1164 927 1408 978 consimili,
1425 929 1554 981 quod

177 1011 216 1032 10
231 996 394 1037 obviet
435 996 587 1050 primo
630 1010 757 1051 pape
800 996 1109 1047 inobedienti,
1156 1003 1203 1037 et
1245 997 1326 1037 fiat
1362 997 1450 1039 ista
1487 999 1552 1039 in-

227 1065 413 1106 iunccio
436 1068 523 1107 sub
548 1066 828 1119 gravissimo
853 1067 1160 1117 anathemate,
1194 1072 1241 1106 et
1263 1066 1423 1120 posito
1448 1081 1552 1109 cum

228 1136 319 1175 hoc
363 1135 492 1188 quod
537 1135 686 1176 omnis
733 1136 930 1176 clericus
974 1137 1052 1176 vel
1095 1137 1261 1190 laycus
1303 1150 1429 1190 pape
1474 1138 1552 1178 isti

229 1204 471 1245 subiectus
502 1203 589 1245 fuit
619 1204 769 1258 primo
792 1206 932 1258 plene
956 1205 1046 1246 sibi
1070 1206 1313 1257 obediens,
1348 1211 1396 1246 et
1419 1208 1548 1260 quod

229 1273 379 1314 omnis
423 1273 621 1314 clericus
667 1274 830 1315 obviet
867 1274 1020 1328 primo
1067 1275 1370 1328 singulariter
1412 1276 1550 1330 layco

177 1349 275 1383 =5et
314 1349 518 1396 econtra,
558 1350 605 1385 et
641 1344 830 1385 videtur
869 1345 1003 1398 sequi
1048 1345 1376 1387 contradiccio.
1431 1345 1551 1399 Quia

227 1414 285 1454 da
317 1415 447 1468 quod
477 1428 585 1466 non,
620 1416 679 1455 de
701 1415 846 1456 Petro
882 1415 1053 1456 clerico
1085 1420 1133 1456 et
1155 1415 1213 1456 de
1237 1415 1386 1456 Paulo
1409 1417 1547 1470 layco

226 1483 316 1526 sibi
353 1484 504 1537 primo
546 1484 865 1536 obviantibus,
912 1491 959 1526 et
997 1498 1146 1539 quero
1185 1490 1339 1525 utrum
1376 1486 1550 1527 Petrus

224 1567 312 1607 pro
345 1554 537 1595 instanti
569 1555 712 1595 obvie
745 1555 805 1597 sit
826 1568 951 1609 pape
979 1555 1229 1607 obediens;
1263 1555 1301 1596 si
1323 1556 1404 1609 sic,
1437 1561 1550 1597 tunc

223 1623 271 1663 in
303 1637 414 1664 casu
458 1629 649 1679 oportet
689 1624 847 1666 dicere
886 1626 1016 1678 quod
1046 1624 1221 1665 Paulus
1252 1639 1342 1679 pro
1374 1625 1452 1667 illo
1484 1625 1549 1666 in-

167 1707 209 1728 20
225 1694 366 1735 stanti
388 1694 449 1735 sit
470 1708 596 1748 pape
618 1695 912 1746 inobediens,
946 1695 1053 1748 quia
1076 1708 1179 1735 cum
1208 1695 1361 1748 primo
1387 1695 1550 1736 obviat

223 1763 379 1816 Petro,
414 1764 492 1817 qui
515 1770 588 1805 est
608 1765 750 1818 plene
772 1778 898 1818 pape
931 1764 1174 1818 obediens,
1211 1770 1259 1804 et
1289 1765 1547 1805 iniunctum

226 1838 298 1873 est
342 1832 432 1873 sibi
476 1834 604 1887 quod
646 1833 798 1887 primo
844 1833 1007 1875 obviet
1058 1847 1183 1888 pape
1237 1834 1547 1885 inobedienti,

226 1903 439 1956 sequitur
462 1905 590 1957 quod
613 1903 788 1945 Paulus
810 1903 1004 1945 incurrit
1031 1909 1191 1944 notam
1212 1903 1545 1945 inobediencie

225 1979 272 2014 et
304 1973 372 2014 sic
404 1974 591 2025 Petrus,
634 1974 671 2015 si
708 1975 756 2015 in
790 1988 901 2015 casu
931 1974 1024 2015 isto
1057 1974 1231 2014 Petrus
1270 1974 1331 2014 sit
1361 1988 1450 2028 pro
1482 1975 1545 2015 in-

167 2047 207 2080 25
225 2044 367 2084 stanti
399 2044 542 2085 obvie
581 2058 709 2098 pape
739 2044 1036 2096 inobediens,
1070 2050 1182 2085 tunc
1216 2050 1406 2098 oportet
1439 2058 1545 2085 con-

224 2114 397 2154 cedere
419 2115 615 2155 Paulum
643 2128 749 2156 esse
779 2114 1083 2156 obedientem
1116 2120 1163 2155 et
1196 2120 1547 2168 consequenter

222 2184 427 2234 Petrum,
462 2185 570 2238 quia
602 2191 708 2225 ante
741 2185 928 2226 obviam
958 2184 1047 2225 fuit
1070 2189 1271 2238 uterque
1300 2185 1545 2235 obediens,

223 2259 270 2294 et
301 2254 473 2295 Petrus
507 2269 569 2295 ex
601 2255 743 2297 obvia
774 2268 870 2295 non
900 2255 952 2295 fit
984 2254 1281 2306 inobediens,
1322 2255 1407 2296 sed
1439 2268 1543 2295 con-

220 2325 429 2365 firmatur
469 2325 568 2365 eius
608 2324 887 2366 obediencia
923 2325 1057 2365 iuxta
1096 2325 1228 2366 dicta.
1281 2324 1384 2365 Nec
1417 2325 1544 2365 valet

165 2395 206 2427 30
221 2407 397 2448 negare
442 2408 599 2435 casum
642 2400 845 2449 propter
888 2395 994 2435 tria:
1039 2394 1190 2448 primo
1237 2394 1346 2448 quia
1391 2394 1541 2434 solum

220 2469 437 2504 neutrum
480 2465 557 2504 vel
601 2464 832 2518 possibile
871 2470 944 2505 est
986 2469 1282 2518 preceptum,
1329 2463 1541 2504 secundo

292 2669 320 2689 2.
341 2663 369 2690 A
401 2670 418 2689 n
441 2670 556 2697 marg:
583 2661 665 2690 Nota
692 2669 795 2689 casum
812 2660 986 2697 pulchrum.
1060 2658 1088 2688 3.
1111 2659 1210 2688 Codd.
1240 2659 1270 2687 in
1293 2667 1408 2694 marg:
1432 2658 1540 2688 Casus.

217 2717 245 2744 4.
262 2709 360 2737 Codd.
383 2709 412 2736 in
431 2717 547 2744 marg:
567 2709 689 2744 Spolzat
708 2708 808 2735 clerus
823 2707 971 2744 populum
990 2706 1285 2735 suummirahililer.
1362 2714 1401 2734 11.
1420 2707 1541 2741 possim

219 2756 257 2784 B:
276 2759 359 2791 post.
434 2755 483 2784 23.
506 2757 526 2782 Β
548 2756 577 2782 in
601 2763 715 2790 marg:
743 2753 930 2782 obediencia
946 2761 1032 2789 pape
1052 2753 1082 2781 in
1102 2754 1232 2781 neutris.

286 2851 317 2882 4.
346 2842 444 2880 Quae
462 2851 565 2883 supra
584 2843 787 2873 narrantur:
814 2840 852 2871 ut
872 2838 991 2880 posito
1023 2848 1136 2880 usque
1166 2847 1244 2880 pag.
1271 2838 1336 2877 384
1360 2837 1382 2871 l.
1419 2847 1458 2878 14
1494 2837 1542 2869 sit

216 2902 353 2933 solutus
379 2901 413 2932 in
427 2899 594 2932 Johannis
620 2900 695 2931 Hus
710 2900 761 2930 De
774 2898 930 2930 Ecclesia
956 2897 1057 2939 capit.
1082 2896 1158 2928 XXI
1184 2895 1394 2930 verbotenus
1419 2894 1538 2927 habes.

1765 263 1844 308 383

1648 519 1771 554 Logical

1630 553 1789 591 difficulty.
