2078 3338
246 275 322 312 190
958 273 1183 305 JOHANle
1210 272 1395 304 WYCLIF
1629 262 1734 314 [cAp.
1758 270 1838 298 vm.

262 386 422 448 stssleelffowm
426 386 489 448 21³1}oe
527 377 655 429 quod
699 377 737 418 si
780 382 977 430 uterque
1021 376 1215 416 istorum
1268 375 1381 416 dicit
1425 377 1730 417 conformiter
1781 378 1839 417 ad

254 457 454 519 pffitlitffishssirsz
468 461 499 484 to
524 446 646 486 illam
691 451 1078 500 extravagantem
1123 446 1406 485 decretalem
1449 446 1681 486 Bonifacii
1720 445 1839 486 VIII

458 512 463 518 '
531 514 679 556 Unam
713 514 931 555 Sanctam
977 514 1107 567 quod
1149 514 1238 554 nisi
1282 514 1385 567 quis
1430 514 1621 555 obediat
1663 514 1751 555 sibi
1787 520 1840 555 ut

525 584 667 637 capiti
709 584 863 625 tocius
909 583 1125 632 ecclesie,
1169 597 1263 623 non
1310 588 1383 623 est
1426 584 1484 623 de
1522 597 1715 624 numero
1755 586 1837 625 sal-

523 655 793 705 vandorum,
826 659 1021 706 oportet
1047 658 1296 706 utrumque
1318 653 1584 706 relinquere
1606 659 1838 708 tamquam
1855 663 1871 695 5

524 725 720 763 alterum
752 723 1105 763 Antichristum.
1143 722 1282 763 Multi
1314 722 1435 762 enim
1468 728 1600 763 erant
1630 724 1747 765 tales
1780 725 1839 764 de

522 793 750 833 Romanis
783 792 1099 845 pontificibus,
1131 792 1256 832 unde
1287 797 1446 832 narrat
1476 792 1717 845 predictus
1741 806 1839 833 cro-

523 862 681 902 nicans
713 862 758 901 in
791 861 911 901 libro
936 875 1021 901 suo
1052 862 1110 901 de
1133 861 1351 903 Floribus
1373 861 1696 913 Historiarum,
1729 875 1838 915 quo-

522 932 662 971 modo
697 944 816 971 anno
851 931 1010 983 gracie
1038 930 1174 971 DCV
1205 944 1330 983 papa
1362 929 1642 971 Sabinianus
1673 933 1838 972 libera-

521 1001 697 1040 litatem
719 999 846 1040 beati
872 999 1089 1051 Gregorii
1110 1000 1465 1052 predecessoris
1495 999 1567 1039 sui
1590 1000 1840 1053 derogavit
1859 1020 1897 1040 ιο

523 1075 570 1110 et
614 1071 700 1110 sub
744 1070 834 1109 hoc
887 1071 1087 1109 obtentu
1137 1082 1320 1109 manum
1374 1069 1537 1123 egenis
1589 1069 1837 1121 subtraxit,

523 1139 781 1192 Gregorius
822 1152 927 1179 eum
963 1151 1047 1191 per
1084 1139 1230 1178 visum
1262 1141 1329 1177 ter
1365 1151 1453 1191 pro
1488 1139 1625 1191 culpa
1656 1138 1838 1178 tenacie

521 1213 569 1248 et
610 1208 746 1248 huius
792 1207 1120 1263 derogacionis
1159 1208 1422 1259 increpavit,
1468 1211 1506 1247 et
1541 1211 1702 1259 qnarto
1733 1208 1836 1247 hor-

519 1277 715 1318 ribiliter
757 1277 1007 1330 increpans
1052 1282 1099 1317 et
1144 1276 1427 1317 comminans
1466 1278 1513 1317 in
1551 1278 1696 1329 cap-ite
1728 1290 1836 1330 per-

520 1349 669 1400 cussit,
702 1361 786 1399 qno
820 1349 973 1387 dolore
1002 1350 1185 1387 vexatus
1210 1348 1353 1398 panto
1380 1350 1483 1398 post
1514 1348 1630 1387 obiit.
1857 1356 1894 1388 15

267 1418 462 1482 ngffiteste
577 1417 710 1468 Item,
754 1416 901 1457 simile
945 1421 1099 1456 narrat
1132 1415 1397 1456 Cestrensis
1446 1416 1566 1457 libro
1614 1429 1700 1456 suo
1743 1416 1838 1456 VII

258 1488 409 1517 10ss00e111
428 1490 480 1518 IV·
521 1486 722 1527 MCCVI
766 1488 828 1526 ad
864 1498 1042 1539 papam
1088 1485 1405 1525 Innocencinm
1449 1487 1576 1526 misit
1617 1485 1839 1525 Robertns

519 1557 841 1607 Lynconiensis
862 1556 1099 1608 epistolam
1124 1555 1389 1594 invectivam
1403 1555 1516 1595 satis
1537 1558 1574 1595 et
1592 1558 1836 1607 tonantem,

512 1639 600 1678 pro
633 1639 680 1666 eo
713 1626 831 1677 qnod
862 1626 1071 1665 ecclesias
1097 1623 1261 1675 Anglie
1296 1625 1503 1664 indebitis
1531 1625 1839 1664 exaccionibns

518 1708 681 1735 vexare
712 1696 963 1743 vz'deretnr‚·
993 1695 1076 1734 hac
1106 1695 1161 1734 de
1192 1706 1333 1734 cansa
1362 1694 1423 1733 ad
1445 1695 1627 1734 cariam
1656 1698 1838 1734 vocatns
1854 1713 1896 1734 20

519 1768 592 1813 est,
631 1768 669 1804 et
701 1774 804 1805 ‘cnm
842 1765 903 1803 ibi
936 1765 1260 1815 molestaretur,
1299 1764 1546 1815 appellavit
1583 1767 1839 1804 constanter

518 1848 547 1874 a
579 1835 711 1875 caria
746 1834 999 1874 Innocencii
1029 1834 1091 1872 ad
1120 1834 1323 1872 tribnnal
1358 1832 1546 1881 Clzristz',·
1577 1834 1696 1872 nnde
1727 1844 1833 1873 ‘con—

518 1905 630 1956 tigit,
674 1905 793 1955 qvod
822 1903 1012 1943 Roberto
1057 1904 1103 1942 in
1138 1902 1310 1953 Anglia
1353 1903 1534 1943 obeunte
1577 1904 1738 1942 andita
1777 1906 1837 1943 est

518 1987 603 2013 vox
625 1974 672 2012 in
695 1974 827 2013 caria
844 1985 987 2024 pape:
1012 1972 1117 2011 Veni
1140 1972 1275 2011 miser
1297 1973 1359 2011 ad
1386 1971 1390 2024 Ι
1419 1973 1659 2020 indicinm‚·
1679 1985 1834 2024 reper-
1877 1981 1956 2013 208c

519 2047 673 2094 tnsqne
694 2045 756 2082 est
778 2043 825 2081 in
849 2042 1046 2081 crastino
1079 2054 1207 2093 papa
1236 2041 1478 2090 exanimis,
1500 2043 1632 2093 qnasi
1654 2042 1838 2094 cuspide
1852 2051 1892 2082 25

519 2113 668 2152 baculi
703 2114 750 2151 in
788 2113 929 2151 latere
964 2123 1216 2163 percussus.
1268 2110 1356 2162 Qui
1393 2112 1494 2150 licet
1523 2111 1839 2163 perspicacius

518 2182 736 2235 effnlserit
768 2182 1014 2233 miraculis,
1046 2180 1296 2232 transferri
1326 2184 1477 2220 tamen
1510 2182 1556 2220 in
1577 2184 1838 2220 sanctornm

518 2252 748 2302 cathalogo
782 2263 811 2290 a
843 2251 974 2290 cnria
1004 2262 1093 2290 non
1125 2256 1188 2289 est
1213 2251 1482 2302 permissus.
1515 2249 1616 2289 Nec
1648 2255 1720 2289 est
1750 2263 1836 2301 pu-

516 2321 707 2360 tandum
737 2318 853 2359 istos
887 2323 1076 2359 sanctos
1106 2318 1474 2371 iregularitatem
1499 2319 1576 2358 vel
1610 2317 1836 2358 offensam

510 2389 609 2429 Dei
650 2389 888 2428 incurrere
934 2401 995 2427 ex
1037 2387 1347 2440 percussione
1391 2387 1520 2428 letali
1552 2401 1834 2427 summorum
1853 2399 1893 2431 30

517 2458 791 2511 pontificum
804 2473 812 2508 ;
867 2457 946 2510 qui
988 2457 1211 2497 viderunt
1261 2458 1389 2510 quod
1440 2462 1573 2497 erant
1620 2456 1835 2509 precipui

588 2614 615 2634 2.
643 2606 697 2633 ΑΒ
724 2605 754 2632 in
783 2613 896 2640 marg:
926 2604 1115 2632 Obediencia
1137 2612 1221 2639 pape
1247 2606 1322 2631 nota
1349 2604 1432 2631 bene.
1517 2612 1543 2640 9.
1576 2603 1701 2637 DCCV;
1725 2604 1833 2632 codd.:

516 2651 632 2680 LXVII.
716 2660 756 2679 10¹
786 2651 839 2679 AB
866 2651 896 2678 in
921 2659 1034 2686 marg:
1065 2650 1241 2686 Gregorius
1264 2654 1389 2677 sanctus
1413 2659 1497 2685 papa
1523 2651 1634 2678 occidit
1659 2659 1745 2678 suum
1770 2659 1834 2677 suc-

517 2706 677 2726 cessorem.
753 2705 796 2732 17.
822 2696 902 2724 1206
929 2697 1004 2730 (sic).
1033 2696 1103 2724 Non
1131 2701 1177 2723 est
1201 2696 1401 2724 Innocentius
1421 2696 1462 2724 III
1490 2697 1541 2724 sed
1563 2697 1761 2724 Innocentius
1779 2696 1832 2723 IV.

520 2744 563 2773 18.
584 2745 636 2772 AB
657 2745 686 2771 in
709 2752 822 2778 marg.:
844 2744 1019 2778 Appellavit
1036 2743 1259 2770 Lincolnz'ensis
1278 2744 1319 2770 aa
1338 2743 1474 2771 tribunal
1494 2742 1614 2771 Clzristi.

589 2828 619 2860 3.
644 2827 782 2858 Extrav.
810 2827 948 2860 Comm.
974 2826 1032 2859 lib.
1059 2828 1082 2869 I,
1114 2827 1164 2858 tit.
1188 2827 1275 2866 VIII,
1303 2837 1376 2868 cap.
1406 2837 1431 2858 1.
1529 2837 1559 2870 9.
1588 2826 1831 2869 PolychroniC.

519 2883 694 2925 Ranulphi
721 2885 761 2924 V,
788 2892 866 2923 412.
967 2894 1015 2925 17.
1043 2884 1127 2916 Ibid.
1155 2884 1239 2924 VIII,
1272 2892 1347 2922 240.
