2078 3338
156 254 244 282 CAP.
265 247 332 298 XL]
556 257 616 288 DE
643 255 923 288 POTEsTATE
950 255 1077 287 PAPE.
1680 264 1761 304 299

156 361 310 401 ciendi
339 361 566 411 miracula,
599 373 709 414 ymo
741 365 970 414 potestas,
1004 373 1144 413 quam
1166 359 1473 413 Evangelista
1517 376 1657 404 miraeus
1677 377 1736 405 like

153 430 315 471 habuit
346 432 408 471 ad
438 432 714 471 mutandum
746 431 919 471 liitoria
953 442 1176 471 saxorum
1196 429 1473 482 fragmenta
1512 411 1739 481 wffl‘uiofiississe

153 501 201 540 in
227 508 443 553 gemmas
472 504 511 541 et
541 501 767 541 silvestres
785 500 983 553 frondes
1014 500 1062 540 in
1093 512 1279 549 aarum,
1316 499 1442 540 foret
1467 498 1470 555 Ι
1575 481 1667 509 them'

35 579 117 614 235‘l
153 570 326 610 mundo
370 569 530 610 utilior
581 583 717 623 quam
774 574 1150 623 quantacumque
1200 568 1472 622 temporalis

122 638 415 692 §possessiQ
454 639 575 680 sicut
612 644 867 680 testaretur
900 638 1044 679 eciam
1078 637 1257 692 Symon
1296 651 1474 692 magus.

212 708 309 749 Ista
339 713 496 749 autem
534 709 776 750 sentencia
807 710 1018 762 placeret
1057 707 1336 761 quibusdam
1371 708 1472 761 epi-

155 778 314 832 scopis
367 778 458 832 qui,
510 778 623 818 licet
675 780 884 819 debeant
932 779 1109 818 habere
1163 777 1317 818 omnia
1367 791 1473 818 cum

153 847 376 888 fratribus
408 848 455 887 in
484 848 730 899 communi,
762 854 919 889 tamen
941 852 1096 889 stante
1116 847 1208 888 ista
1230 848 1473 888 sentencia

152 930 239 970 pro
274 917 614 958 conservandis
653 917 748 959 suis
780 916 1044 971 privilegiis
1081 929 1178 957 non
1209 916 1473 958 tribuerent

97 1006 137 1029 10
154 988 221 1029 eis
254 988 530 1042 temporalia
559 989 668 1042 plus
700 990 778 1029 vel
809 988 975 1029 minus.
1008 988 1070 1028 Et
1101 988 1247 1028 multo
1281 986 1470 1027 eviden-

153 1058 251 1098 cius
283 1071 372 1098 nec
405 1057 569 1111 aliquis
602 1058 839 1101 secularis.
889 1057 1110 1113 Dignitas
1152 1057 1310 1111 itaque
1345 1056 1472 1097 cleri-

154 1128 264 1168 calis
290 1132 363 1168 est
378 1127 609 1181 dignitate
625 1127 824 1168 seculari
838 1127 1146 1177 necessarior,
1170 1128 1256 1167 sed
1280 1131 1473 1180 oportet
1497 1142 1564 1169 The
1585 1143 1703 1178 dignity
1722 1142 1757 1170 of

153 1198 281 1251 quod
313 1197 374 1238 sit
402 1196 480 1237 illa
513 1196 718 1251 dignitas
750 1196 1045 1250 paupertatis
1085 1201 1132 1236 et
1162 1196 1301 1236 moris
1334 1210 1470 1250 quam
1529 1178 1712 1240 etgrisicsliffiii

153 1266 365 1309 Christus
409 1266 623 1317 instituit,
677 1267 785 1320 quia
829 1266 1053 1307 secularis
1101 1266 1305 1321 dignitas
1358 1267 1471 1307 cleri
1502 1248 1750 1310 &ii'ssissiiiizeaiicim

98 1346 135 1379 15
151 1342 395 1391 utramque
410 1341 593 1390 partem
614 1337 772 1377 matris
794 1342 956 1377 nostre
978 1336 1220 1377 intoxicat.
1256 1335 1469 1377 Christus

153 1407 274 1448 enim
305 1407 351 1447 in
386 1406 627 1447 cunabulis
660 1407 772 1448 satis
805 1406 1096 1460 pauperibus
1130 1407 1352 1447 adoratus
1382 1406 1471 1448 fuit

152 1490 176 1517 a
205 1476 414 1532 regibus,
446 1482 496 1516 ut
517 1482 651 1529 patet
671 1477 836 1519 Matth.
861 1476 918 1518 Π.
953 1475 1050 1518 Sed
1071 1476 1262 1517 indutus
1285 1481 1470 1517 vestem

149 1559 434 1600 purpuream
477 1545 565 1586 fuit
608 1545 871 1600 flagellatus
905 1560 930 1586 a
961 1546 1198 1597 militibus,
1242 1551 1295 1586 ut
1336 1551 1472 1600 patet

150 1615 264 1657 Mar.
295 1615 405 1657 XV.
438 1615 579 1656 Unde
610 1616 842 1669 premittit
874 1616 1270 1657 exoneracionem
1304 1622 1352 1656 et
1385 1629 1468 1656 ex-

95 1702 136 1724 20
151 1684 417 1725 cussionem
439 1685 627 1726 festuce
649 1685 852 1726 fedantis
887 1686 1147 1737 ecclesiam,
1181 1692 1229 1727 et
1261 1686 1327 1727 sic
1359 1691 1469 1726 tam-

150 1768 287 1808 quam
330 1755 526 1796 formam
569 1755 773 1796 ultimam
816 1756 891 1796 vie
934 1755 1115 1796 inducit
1159 1755 1469 1809 apostolicam

151 1823 441 1877 dignitatem,
474 1830 526 1865 ut
555 1831 688 1879 patet
718 1826 883 1868 Matth.
915 1825 1055 1867 XIX.
1106 1825 1168 1866 Et
1197 1825 1374 1866 ibidem
1407 1825 1469 1865 di-

151 1893 286 1935 citur:
320 1892 372 1934 Si
389 1895 459 1936 vis
477 1894 707 1948 perfectus
733 1908 837 1947 esse,
858 1897 971 1936 vade
992 1899 1030 1936 et
1051 1896 1188 1937 vende
1208 1896 1367 1937 omnia
1388 1908 1470 1947 que

148 1965 294 2013 habes,
317 1968 355 2005 et
369 1965 430 2004 da
446 1966 741 2018 pauperibus,
765 1968 803 2005 et
823 1966 933 2016 veni,
954 1978 1136 2017 sequere
1149 1978 1231 2006 me.
1256 1964 1469 2006 Christus

94 2040 133 2072 25
152 2032 272 2073 enim
315 2033 466 2074 noluit
509 2047 621 2075 suos
660 2035 907 2088 apostolos
953 2034 1178 2088 occupari
1216 2034 1338 2075 circa
1375 2040 1468 2075 tam

152 2103 509 2157 contemptibile
544 2103 762 2155 officium,
803 2104 1066 2145 cuiusmodi
1105 2110 1178 2145 est
1217 2104 1366 2145 civilis
1405 2104 1467 2144 di-

151 2172 379 2215 stribucio
433 2174 692 2215 elemosine
746 2174 1024 2228 corporalis3
1076 2175 1169 2215 hoc
1222 2174 1343 2214 enim
1396 2179 1469 2214 est

148 2244 328 2296 laycale
373 2242 592 2295 officium,
638 2244 768 2297 quod
810 2244 1085 2285 sacerdotes
1125 2244 1305 2285 debent
1340 2249 1469 2297 post-

148 2326 344 2367 ponere.

95 2389 137 2422 30
209 2382 428 2423 Tercium
479 2396 595 2424 vero
650 2384 922 2437 exemplum
965 2383 1164 2437 periculi
1215 2389 1288 2423 est
1340 2385 1469 2437 quod

153 2452 394 2505 Apostolo
428 2452 600 2493 ferenti
631 2453 1022 2495 benediccionem
1054 2454 1132 2494 vel
1164 2453 1468 2494 elemosinam

152 2521 325 2563 sanctis
369 2523 629 2573 Jerusalem
674 2522 896 2576 opposite
945 2522 1136 2563 fuerunt
1184 2522 1366 2573 insidie,
1418 2529 1469 2564 ut

149 2590 357 2631 innuitur
377 2591 488 2632 Act.
510 2590 625 2632 XX.
659 2591 763 2632 Non
787 2593 1006 2633 obstante
1036 2597 1190 2632 autem
1222 2591 1469 2645 multiplici

152 2661 396 2701 evidencia
416 2661 556 2712 fideli,
571 2661 794 2713 nonnulli,
811 2662 891 2715 qui
912 2667 1224 2714 gustaverunt
1242 2661 1468 2702 altissime

96 2736 135 2770 35
150 2731 446 2785 paupertatis
461 2731 771 2783 dulcedinem,
790 2732 970 2773 habent
984 2745 1047 2772 ex
1064 2730 1299 2785 religione
1315 2731 1468 2772 omnia

222 2892 252 2915 2.
280 2882 330 2914 De
355 2882 513 2914 Ecclesia
538 2892 616 2925 pag.
649 2881 710 2926 189
736 2883 804 2914 and
830 2880 869 2914 81
900 2892 1017 2925 supra.
