2078 3338
203 271 293 299 (Ἀρ.
314 263 398 314 v11.]
601 273 661 304 DE
686 272 968 304 POTEsTATE
994 272 1124 304 PAPE.

201 377 315 418 siam
354 376 488 418 datur
520 376 771 429 unicuique
810 376 1057 430 episcop0,
1096 381 1320 429 quantum
1357 378 1520 428 potest

199 446 336 487 matri
366 459 450 486 sue
482 446 730 499 proficere,
778 445 879 486 sive
913 446 1282 499 evangelizando
1317 444 1417 485 sive
1451 456 1518 483 sa-

202 521 437 557 cramenta
473 515 779 556 ministrando
818 515 919 556 sive
959 515 1191 564 oracione,
1238 514 1518 568 contempla-

201 585 349 638 cione,
382 584 738 638 exemplacione
763 585 1035 625 edificando.
1057 584 1196 625 Unde
1223 589 1420 638 propter
1442 596 1519 622 ex-

167 654 482 707 5cellenciam,
527 668 663 708 quam
709 655 938 695 debemus
980 655 1172 701 habere,
1227 655 1384 694 claves
1427 653 1519 693 iste

200 724 418 766 dicuntur
461 723 762 777 singulariter
804 724 1133 765 sacerdotibus
1178 723 1349 764 Christi
1397 736 1518 779 com-

198 800 377 848 petere,
410 793 477 835 sic
500 795 629 848 quod
659 799 874 848 potestas
903 794 964 835 sit
993 794 1230 835 materiale
1265 793 1519 847 spiritualis

200 864 344 905 clavis
366 863 634 918 presbiteri,
669 870 716 905 et
737 864 932 905 formale
957 870 1031 906 est
1052 864 1258 905 sciencia
1286 863 1392 917 Dei,
1425 877 1521 903 non

199 934 403 975 sciencia
440 934 778 988 mathematica,
817 948 911 974 non
949 934 1106 988 logica
1136 935 1214 974 vel
1252 933 1518 987 disputacio

146 1020 185 1041 10
199 1003 458 1057 scolastica,
515 1004 601 1044 sed
652 1004 856 1045 sciencia
907 1004 1155 1058 scripture,
1212 1017 1349 1058 quam
1401 1003 1519 1057 epis-

200 1086 350 1127 copus
395 1073 540 1114 debet
584 1074 877 1114 excellenter
921 1087 1216 1127 cognoscere
1254 1079 1303 1114 et
1335 1073 1520 1115 docere.

199 1142 337 1183 Unde
377 1142 500 1183 sicut
535 1143 730 1184 materia
767 1143 916 1196 prima
953 1157 1048 1184 non
1083 1148 1247 1197 potest
1279 1157 1387 1184 esse
1419 1143 1520 1184 sine

199 1211 348 1252 forma
383 1213 611 1253 materiali
655 1226 744 1253 nec
789 1219 993 1267 econtra,
1038 1213 1105 1254 sic
1150 1213 1339 1254 videtur
1381 1212 1521 1253 michi

201 1282 330 1335 quod
360 1287 576 1335 potestas
609 1282 809 1323 clavium
837 1283 1200 1324 sacerdotalium
1230 1297 1325 1324 non
1356 1288 1521 1337 potest

147 1358 183 1390 15
203 1364 309 1391 esse
341 1351 443 1391 sine
470 1351 684 1405 predicta
714 1352 918 1393 sciencia
948 1366 1037 1393 nec
1070 1358 1275 1393 econtra.

258 1421 398 1462 Unde
418 1421 657 1473 Johannes
679 1422 833 1462 XXII
857 1428 904 1463 et
924 1422 1001 1463 alii
1033 1423 1243 1463 seculum
1265 1423 1518 1476 sapientes,

201 1491 307 1546 quia
336 1505 433 1532 non
466 1498 775 1533 excesserant
811 1492 859 1533 in
895 1492 998 1533 istis
1033 1493 1244 1533 clavibus
1284 1499 1332 1533 et
1363 1506 1519 1533 earum

87 1556 164 1600 196²
200 1561 382 1612 officiis,
406 1562 644 1603 finxerunt
666 1563 823 1603 claves
841 1561 845 1618 Λ
862 1563 1115 1616 potestatis
1140 1568 1188 1603 et
1210 1562 1518 1616 auctoritatis,

200 1645 315 1685 quas
348 1632 682 1687 congregando
712 1632 939 1686 pecunias
978 1633 1216 1686 simplices
1250 1647 1333 1673 sue
1365 1639 1519 1686 tyran-

144 1719 185 1740 20
199 1702 296 1743 nidi
328 1708 376 1743 et
407 1702 620 1756 ypocrisi
641 1702 957 1745 subiecerunt.
990 1702 1123 1744 Sicut
1146 1703 1268 1743 enim
1296 1708 1406 1743 sunt
1428 1702 1519 1742 due

199 1771 289 1824 vie,
321 1786 411 1812 una
443 1772 767 1814 descendendi
797 1773 844 1812 in
866 1772 1000 1813 viciis
1024 1773 1082 1813 ad
1106 1772 1339 1813 infernum
1364 1778 1411 1813 et
1433 1772 1521 1812 alia

200 1842 489 1882 ascendendi
520 1842 568 1882 in
589 1842 843 1882 virtutibus
876 1842 937 1882 ad
965 1842 1214 1883 ecclesiam
1235 1842 1518 1896 triumphan-

199 1918 308 1962 tem⁷
341 1911 408 1952 sic
441 1917 551 1952 sunt
583 1912 674 1952 due
705 1918 846 1965 porte
879 1912 981 1953 sive
1011 1912 1244 1954 introitus.
1283 1911 1519 1954 Sacerdos

201 1987 354 2022 autem
392 1981 538 2023 debet
573 1982 751 2022 habere
791 1983 948 2022 claves
982 1983 1039 2023 ad
1071 1982 1324 2022 serandum
1355 1987 1519 2035 portas

144 2057 183 2088 25
197 2051 336 2092 inferi
356 2066 383 2092 a
405 2051 696 2105 simplicibus
719 2051 809 2093 sibi
837 2051 1038 2092 subditis
1063 2057 1112 2092 et
1134 2052 1191 2092 ad
1215 2052 1520 2105 aperiendum

200 2121 492 2175 simplicibus
543 2127 706 2175 portas
760 2121 860 2174 celi,
917 2126 966 2162 et
1016 2121 1084 2161 sic
1137 2122 1284 2162 debet
1335 2121 1519 2175 aperire

197 2191 449 2244 pascendis
494 2191 664 2231 ovibus
707 2192 977 2232 thesaurum
1022 2190 1265 2244 virtutum,
1318 2196 1366 2232 et
1414 2191 1519 2244 ipse

198 2261 348 2314 primo
381 2260 606 2302 virtuosis
640 2261 865 2314 operibus
898 2261 1140 2314 sequelam
1172 2260 1332 2301 ovium
1363 2273 1518 2301 exem-

199 2330 439 2384 plantibus
473 2336 520 2370 et
542 2330 861 2370 excitantibus
882 2329 1089 2370 introire.
1121 2330 1262 2370 Unde
1284 2336 1520 2384 quotquot

145 2407 186 2439 30
200 2405 469 2453 potestates
490 2401 570 2440 vel
592 2399 820 2440 sciencias
846 2400 964 2440 tales
996 2400 1207 2455 prelatus
1238 2399 1414 2452 habuit,
1446 2405 1519 2440 tot

201 2471 358 2510 claves
387 2471 542 2520 habet,
577 2484 670 2524 que
702 2483 866 2510 omnes
898 2470 1049 2510 solum
1072 2471 1187 2510 duas
1215 2470 1517 2512 constituunt.

201 2539 341 2592 Quod
369 2545 522 2580 autem
552 2541 709 2580 claves
736 2539 829 2580 iste
857 2539 1192 2594 specificantur
1220 2540 1278 2580 ad
1300 2553 1517 2581 excomu-

199 2609 468 2649 nicaciones
501 2614 549 2650 et
571 2609 914 2660 absoluciones,
944 2610 1079 2650 Deus
1099 2609 1237 2651 huius
1263 2609 1412 2650 seculi
1431 2622 1520 2663 per

199 2677 370 2719 fastum
403 2684 451 2719 et
482 2678 727 2719 avariciam
751 2679 961 2720 cecando
985 2679 1224 2733 simplices
1244 2678 1518 2722 introduxit.

273 2868 315 2896 17.
336 2868 399 2889 non
409 2870 421 2894 ;
440 2861 534 2889 adde:
552 2869 678 2897 parum;
699 2861 739 2890 ib.
761 2862 815 2889 AB
829 2862 861 2889 in
876 2869 990 2897 marg:
1014 2861 1152 2890 clavium
1170 2863 1282 2890 abusus
1299 2863 1451 2899 quomodo
1462 2862 1514 2898 fit.

201 2905 249 2934 32.
273 2906 311 2934 B:
332 2907 375 2934 ad
393 2906 487 2934 deest.

1729 281 1801 318 141

1540 1434 1621 1463 John
1643 1436 1728 1463 XXII
1747 1444 1783 1463 an

1552 1472 1656 1498 others
1677 1471 1783 1505 forged

1574 1507 1647 1542 keys
1667 1506 1767 1533 which

1592 1540 1747 1575 subjected

1570 1576 1681 1611 simple
1703 1584 1771 1602 mcn

1602 1616 1633 1638 10
1655 1610 1733 1637 their

1595 1650 1738 1682 tyranny.

1545 2341 1571 2369 It
1590 2342 1616 2369 is
1637 2342 1711 2369 false
1731 2342 1797 2369 that

1544 2377 1594 2404 the
1614 2377 1686 2412 keys
1708 2385 1796 2415 mean

1563 2419 1776 2439 excommunl-

1578 2446 1679 2473 cation
1701 2447 1760 2473 and

1575 2481 1759 2509 absolution.
