2078 3338
212 268 300 297 CAP.
314 257 385 311 Vt]
609 272 667 303 DE
696 271 975 303 POTESTATE
1007 272 1135 303 ΡΑΡΕ.

210 375 369 428 XVII,
422 389 526 415 cum
574 375 697 415 enim
740 375 831 415 sibi
863 376 1035 415 desunt
1077 376 1299 415 miracula
1343 381 1390 416 et
1432 375 1530 415 vite

211 445 455 496 sanctitas;
510 445 642 486 aliter
693 445 833 485 valde
889 445 1030 498 pauci
1080 458 1165 486 suo
1216 445 1532 498 disciplinatui

210 515 531 570 iungerentur.
574 514 721 555 Modo
767 523 923 555 autem
968 529 1030 555 ex
1071 515 1296 556 instinctu
1340 515 1533 568 dyaboli

211 591 342 627 totus
374 585 577 626 mundus
611 590 683 625 est
697 585 871 625 mundo
902 585 1103 635 deditus,
1126 584 1193 625 sic
1215 584 1297 625 ubi
1319 584 1530 625 Christus

180 655 365 696 5renuit
398 653 646 695 oblacione
680 654 874 707 dyaboli
906 654 1060 694 omnia
1090 667 1239 708 regna
1269 654 1442 703 mundi,
1480 660 1532 694 ut

212 725 381 765 dicitur
402 724 567 765 Matth,
590 723 674 774 IV,
705 723 797 764 iste
819 724 1010 764 Pseudo
1035 723 1150 764 dicit
1170 723 1379 763 maniace
1402 725 1532 776 quod

212 794 478 835 dominetur
528 792 788 846 capitaliter
843 806 989 846 super
1037 798 1138 834 tota
1189 792 1432 833 habitabili
1484 798 1533 833 et

210 877 299 918 per
340 863 440 904 eius
481 862 729 903 licenciam
772 868 821 903 et
861 862 1151 916 pacienciam
1183 862 1359 916 singuli
1388 875 1530 916 reges

209 939 426 986 regnant.

158 1028 196 1049 10
269 1003 452 1057 Tercio,
475 1002 557 1043 ubi
581 1002 792 1043 Christus
817 1004 1108 1044 anathemate
1131 1002 1267 1057 gravi
1287 1001 1531 1056 prohibuit

212 1074 339 1126 quod
372 1087 467 1113 non
490 1073 744 1113 adderetur
766 1073 943 1126 aliquid
963 1073 1273 1126 impertinens
1304 1071 1402 1126 legi
1432 1085 1530 1122 sue,

210 1149 262 1183 ut
306 1148 441 1196 patet
474 1142 572 1184 Gal.
616 1143 769 1196 primo
805 1148 853 1183 et
897 1156 1015 1196 sepe
1048 1143 1170 1194 alibi,
1211 1143 1303 1184 iste
1336 1142 1530 1183 Pseudo

210 1212 412 1253 fabricat
455 1214 591 1267 leges
634 1226 799 1263 novas,
845 1226 938 1266 que
969 1226 1201 1266 nusquam
1231 1212 1533 1266 reperiuntur

209 1282 258 1323 in
290 1282 524 1336 scriptura
555 1296 704 1334 sacra;
734 1282 782 1323 in
805 1296 897 1336 qua
929 1283 1190 1323 secundum
1213 1282 1532 1338 Augustinum

159 1366 197 1399 15
214 1358 289 1393 est
320 1352 471 1393 omnis
502 1353 691 1399 veritas,
725 1353 812 1393 sed
844 1358 954 1393 sunt
983 1353 1083 1407 legi
1115 1352 1287 1393 Christi
1329 1354 1534 1392 latenter

214 1423 457 1464 contrarie.
489 1423 592 1464 Nec
625 1422 792 1463 mirum
825 1423 934 1477 quia
960 1423 1185 1464 sacerdos
1219 1428 1268 1463 et
1297 1422 1535 1476 propheta

211 1493 449 1546 paulative
482 1493 773 1534 declinantes
796 1507 822 1533 a
841 1494 950 1547 lege
972 1493 1165 1533 Domini
1185 1492 1534 1547 preposituram

211 1563 316 1603 talis
365 1563 554 1617 legiferi
603 1569 888 1615 meruerunt,
950 1569 1001 1603 ut
1060 1564 1398 1617 prophetatum
1460 1567 1535 1602 est

211 1633 401 1673 Psalmo
453 1632 543 1683 IX,
596 1646 660 1674 21.
711 1632 809 1673 Ubi
858 1633 1096 1686 propheta
1146 1633 1206 1673 de
1236 1631 1532 1672 Antichristo

155 1725 198 1747 20
210 1702 412 1756 loquens
435 1703 694 1743 secundum
718 1702 1075 1756 exposicionem
1097 1708 1384 1743 sanctorum:
1420 1701 1531 1743 Cori-

210 1773 355 1823 stitue,
402 1772 568 1826 inquit,
616 1772 924 1824 legislatorem
973 1785 1113 1825 super
1163 1785 1248 1813 eos.
1295 1771 1357 1811 Et
1397 1771 1534 1812 istam

211 1842 333 1897 legis
387 1841 747 1883 translacionem
806 1847 1000 1896 oportet
1062 1842 1198 1895 sequi
1258 1847 1534 1882 extraneum

213 1912 525 1965 sacerdotem,
571 1912 679 1965 quia
709 1912 835 1955 Heb.
865 1911 972 1964 VII,
1011 1926 1057 1952 12
1105 1911 1221 1952 dicit
1250 1911 1533 1964 Apostolus,

97 1996 175 2037 191⁵
213 1982 345 2036 quod
394 1984 618 2023 translato
646 1981 651 2034 Ι
677 1983 937 2023 sacerdocio
986 1994 1161 2022 necesse
1212 1984 1275 2022 est
1326 1985 1374 2021 ut
1422 1982 1536 2034 legis

156 2062 196 2095 25
213 2053 465 2093 translacio
484 2052 590 2103 fiat.
641 2051 703 2091 Et
732 2051 824 2092 iste
856 2051 1035 2104 triplex
1066 2050 1316 2103 funiculus,
1352 2050 1536 2090 scilicet

214 2127 528 2163 commentum
549 2120 794 2173 mendacii,
833 2126 1147 2161 commentum
1178 2120 1355 2161 favoris
1388 2119 1535 2160 seculi

214 2197 262 2232 et
305 2196 616 2232 commentum
653 2190 927 2231 tradicionis
960 2189 1120 2243 inique
1154 2195 1264 2230 sunt
1294 2189 1422 2230 basis
1465 2194 1534 2229 to-

214 2262 313 2302 cius
343 2261 459 2303 retis
492 2261 698 2315 dyaboli.

272 2330 465 2384 Quarto,
498 2330 580 2371 ubi
603 2330 817 2371 Christus
850 2329 997 2383 elegit
1020 2329 1279 2383 discipulos
1296 2328 1534 2382 simplices

156 2411 199 2444 30
211 2400 394 2453 idiotas,
446 2401 621 2441 mundo
673 2413 914 2454 pauperes
967 2405 1016 2440 et
1064 2399 1260 2439 introitu
1304 2399 1361 2438 ad
1405 2411 1535 2439 suam

211 2470 492 2524 religionem
534 2470 649 2511 fecit
690 2471 798 2524 plus
829 2483 1082 2524 pauperes,
1127 2475 1179 2510 ut
1207 2473 1342 2522 patet
1371 2468 1535 2508 Matth.

212 2540 358 2592 XIX3
389 2541 481 2581 iste
494 2540 688 2581 Pseudo
713 2539 845 2593 eligit
867 2539 958 2580 sibi
978 2539 1087 2593 plus
1107 2538 1308 2592 inclitos,
1342 2537 1535 2578 callidos

216 2615 264 2653 et
307 2615 503 2660 astutos,
549 2615 598 2651 et
640 2610 771 2664 prius
814 2611 990 2650 mundo
1036 2608 1248 2649 abiectos
1295 2608 1452 2648 elevat
1487 2607 1536 2648 in

214 2679 360 2720 falsos
394 2680 612 2721 dominos
643 2679 774 2720 urbis
809 2685 858 2720 et
889 2678 1032 2719 orbis.
1064 2678 1223 2718 Aliter
1256 2677 1379 2718 enim
1409 2677 1536 2718 foret

158 2756 200 2790 35
216 2749 474 2803 discipulus
518 2749 743 2803 magistro
790 2748 927 2789 nimis
973 2747 1210 2788 dissimilis
1255 2753 1303 2788 et
1335 2760 1396 2787 ex
1428 2760 1533 2787 con-

285 2863 314 2892 6.
336 2863 454 2892 Codd.:
475 2863 569 2891 dicat.
664 2870 707 2891 10.
739 2863 794 2890 AB
825 2863 856 2890 in
890 2870 1007 2897 marg:
1027 2869 1060 2896 3.
1142 2869 1191 2889 20.
1213 2861 1332 2888 Codd.:
1352 2860 1533 2896 supositum.

216 2917 264 2946 29.
285 2910 341 2938 AB
357 2910 388 2938 in
405 2918 522 2946 marg.:
543 2916 577 2944 4.

1742 275 1816 301 121

1592 385 1644 412 but
1664 385 1773 412 claims

1519 445 1527 453 ,
1569 420 1633 446 rule
1653 428 1726 447 over
1746 421 1797 447 the

1563 455 1664 481 whole
1684 455 1795 483 world.

1589 1012 1615 1040 3.
1638 1013 1770 1047 Agalnst

1614 1047 1748 1075 Christ's

1589 1082 1779 1117 prohibition

1558 1118 1594 1145 hc
1615 1117 1720 1144 makes
1741 1125 1809 1143 new

1615 1153 1690 1179 laws
1710 1156 1766 1178 not

1592 1186 1728 1214 founded
1749 1186 1780 1213 in

1598 1222 1768 1256 Scripture.

1574 2338 1679 2366 Christ
1698 2338 1794 2365 chose

1580 2381 1658 2409 poor
1678 2374 1790 2406 simple

1585 2416 1654 2435 men
1674 2408 1723 2435 for
1743 2408 1790 2436 his

1602 2442 1771 2477 disciples;

1614 2478 1665 2505 the
1685 2485 1767 2512 pope

1573 2513 1705 2540 chooses
1725 2513 1802 2539 such

1631 2555 1665 2574 as
1685 2555 1736 2574 are

1602 2581 1772 2609 illustrious

1602 2624 1637 2644 or
1657 2621 1765 2644 astute.
