2078 3338
230 264 319 293 CAP.
341 254 394 311 X]
626 267 684 297 DE
713 265 993 298 Po‘fEsTATE
1019 266 1152 298 PAPE.

233 385 336 412 cum
369 370 457 412 alio
491 383 668 424 genere
692 371 964 410 morborum
990 368 1315 423 spiritualium,
1347 367 1549 421 patimur

232 441 512 482 discrasiam.
536 441 653 481 Ideo
678 441 767 481 sibi
791 441 1018 482 debemus
1043 440 1253 489 credere,
1274 437 1547 492 postposito

231 518 391 553 nostro
422 511 609 553 iudicio.
644 511 754 564 Ipse
789 518 943 551 autem
966 510 1126 550 verbis
1151 509 1313 550 docuit
1346 514 1392 549 et
1423 508 1548 548 facto

232 595 288 621 ac
319 581 417 621 vita
451 580 676 634 exposuit
709 580 836 634 quod
867 580 914 619 in
944 579 1215 620 diviciarum
1242 578 1402 618 mundi
1425 577 1549 617 afflu—

200 651 365 691 5encia
409 656 483 691 est
525 650 785 704 perieulum
830 655 877 690 et
926 649 974 689 in
1020 662 1176 690 earum
1220 648 1449 702 parcitate
1494 661 1550 687 ac

230 721 501 762 remocione
548 734 572 761 a
615 721 776 761 seculo
826 720 1071 770 medicina,
1124 719 1233 759 ideo
1285 718 1552 760 reservavit

230 792 346 832 illud
376 791 592 845 regimen
625 790 882 832 carioribus
916 790 1016 831 eius
1046 789 1303 843 discipulis,
1336 794 1388 829 ut
1418 793 1552 842 patet

232 862 359 902 Luce
381 861 531 902 XVII
565 867 612 901 et
643 866 846 901 testatur
872 860 1172 913 Augustinus
1204 860 1249 899 in
1282 859 1358 899 De
1392 858 1551 899 Eccle—

115 934 196 967 216d
234 931 434 973 siastieis
464 930 468 986 Ι
495 931 834 984 Dogmatibus:
874 931 1052 970 Bonum
1084 934 1146 970 est
1166 930 1417 982 facultates
1448 941 1550 969 cnm

182 1016 218 1036 10
233 1002 575 1055 dispensacione
619 1010 809 1053 erogare
840 1001 1138 1054 pauperihus,
1181 1001 1258 1040 sed
1296 1000 1461 1040 melius
1492 1001 1554 1038 est

227 1084 316 1124 pro
362 1071 609 1111 intencione
651 1071 864 1123 sequendi
895 1070 1148 1110 Dominum
1192 1071 1330 1110 semel
1367 1070 1552 1120 donare,

234 1144 273 1182 et
305 1141 563 1181 absolutum
595 1141 896 1181 sollicitudine
929 1148 1056 1192 egere
1088 1152 1192 1180 cum
1230 1137 1417 1181 Cliristo.

293 1210 530 1263 Quantum
575 1211 632 1250 ad
675 1210 873 1263 primum
923 1208 1156 1250 obiectum
1202 1209 1261 1249 de
1308 1207 1555 1250 ministerii

234 1294 359 1334 pape
389 1279 742 1329 insufficiencia‚
776 1285 910 1333 patet
943 1280 1072 1333 quod
1093 1279 1261 1319 falsum
1291 1278 1552 1328 assumitur,

184 1355 218 1386 15
234 1356 286 1390 ut
316 1355 450 1403 patet
483 1351 541 1390 de
575 1349 775 1399 Christo,
808 1350 954 1389 Petro
991 1355 1038 1389 et
1071 1349 1243 1390 ceteris
1275 1348 1426 1402 papis,
1467 1349 1553 1389 sub

236 1420 407 1473 quibus
453 1420 603 1460 crevit
649 1419 863 1460 eeclesia.
913 1420 958 1460 A
996 1425 1214 1472 tempore
1248 1424 1415 1468 autem,
1461 1431 1553 1471 quo

237 1489 428 1530 dimisso
481 1490 638 1543 papali
692 1490 849 1530 officio
903 1491 1077 1530 mundo
1130 1489 1442 1539 intenderant,
1497 1489 1555 1528 de

236 1565 367 1601 tanto
403 1565 536 1600 erant
556 1560 705 1613 magis
731 1560 854 1600 circa
875 1553 1154 1613 temporalia
1176 1559 1416 1609 sitibundi,
1451 1558 1557 1612 quia

236 1629 553 1670 Ecclesiastes
580 1629 635 1679 V7
660 1645 683 1681 9
719 1630 832 1671 dicit
855 1629 1091 1671 Salamon:
1125 1629 1311 1670 Avarus
1343 1642 1431 1670 non
1462 1629 1554 1669 im-

182 1701 430 1753 20plebitnr
453 1701 667 1753 pecnnia,
701 1703 740 1740 et
770 1701 845 1752 qni
878 1703 1007 1740 amat
1035 1700 1228 1740 divicias
1248 1699 1439 1751 frizctns
1467 1710 1556 1738 non

237 1771 384 1823 capiet
422 1783 472 1810 ex
508 1771 582 1810 eis.
635 1769 775 1810 Unde
814 1769 861 1809 in
892 1769 1109 1823 predicta
1148 1768 1335 1809 cronica
1368 1781 1459 1821 que
1491 1767 1557 1807 in-

238 1840 447 1880 titulatur
460 1839 618 1880 Flores
638 1840 941 1880 historiarum
965 1839 1146 1889 dieitur,
1171 1839 1411 1892 quomodo
1436 1850 1556 1878 anno

241 1909 415 1949 domini
449 1912 554 1949 1226
587 1909 813 1963 magister
853 1910 959 1950 Otlzo
991 1910 1210 1949 nnnccins
1232 1909 1412 1949 domini
1435 1920 1558 1961 pape

240 1980 429 2020 ostendit
471 1980 629 2020 literas
672 1980 849 2020 domini
880 1992 1003 2032 pape
1035 1980 1219 2020 consilio
1252 1979 1385 2031 regni
1415 1978 1560 2018 nostri

186 2053 224 2085 25
240 2051 366 2102 apnd
404 2049 871 2100 Westmonaslerinm,
912 2051 958 2089 in
989 2051 1150 2101 qnihns
1182 2062 1312 2102 papa
1345 2047 1560 2101 allegavit

239 2120 512 2160 scandalum
543 2119 750 2160 Romane
795 2120 970 2160 ecclesie
1014 2122 1052 2159 et
1095 2119 1389 2171 obprobrium
1435 2120 1557 2158 vetn-

240 2190 508 2240 stissimnm,
542 2193 698 2230 notam
730 2190 894 2230 scilicet
926 2190 1189 2242 cupiditatis
1220 2201 1302 2240 qne
1334 2188 1474 2228 radix
1499 2191 1561 2227 esl

241 2259 449 2299 omnium
483 2260 729 2311 malornm,
774 2260 821 2299 in
864 2260 943 2299 lzoc
978 2260 1209 2312 precipue,
1255 2259 1373 2310 qnod
1410 2258 1562 2297 nnllns

235 2331 380 2381 potest
412 2329 596 2381 aliquod
618 2330 854 2381 negocium
878 2330 924 2369 in
945 2329 1158 2369 Romana
1182 2329 1314 2368 curia
1336 2328 1560 2380 expedire,

188 2398 333 2438 3onisi
377 2399 526 2451 effusa
570 2407 744 2451 magna
787 2411 975 2440 snmma
1013 2399 1204 2451 pecunie
1249 2401 1287 2438 et
1336 2399 1562 2437 donorum

245 2467 523 2510 exhibicione.
557 2466 645 2508 Sed
676 2470 892 2520 qnoniam
915 2469 1126 2509 scandali
1152 2469 1287 2508 linins
1309 2471 1348 2508 et
1369 2466 1563 2519 infamie

244 2536 459 2578 Romana
483 2541 741 2590 paupertas
773 2542 833 2579 est
865 2551 1020 2591 cansa,
1054 2539 1259 2579 deberent
1290 2537 1458 2578 matris
1491 2536 1561 2576 in-

318 2708 365 2737 23.
389 2709 416 2736 A
437 2709 466 2736 in
490 2717 603 2744 marg:
630 2709 720 2738 Nola.
797 2717 845 2745 29.
866 2710 895 2737 A
915 2710 945 2737 in
968 2717 1083 2744 marg:
1111 2709 1195 2745 Pape
1216 2709 1392 2745 postulacio
1414 2716 1473 2744 pro
1495 2708 1564 2735 sub-

245 2755 338 2784 sidio.

319 2849 350 2882 9.
379 2839 470 2881 Opp.
489 2846 574 2871 tom.
592 2840 679 2883 Vm,
697 2840 787 2882 App.
807 2850 884 2882 pag.
905 2849 958 2882 79,
987 2850 1059 2881 cap.
1079 2839 1262 2871 XXXVIII.
1361 2846 1413 2870 22.
1442 2838 1564 2870 Flores

250 2898 480 2929 Historiarum
508 2899 560 2930 ed.
587 2899 632 2941 by
659 2899 700 2929 H.
727 2899 767 2929 R.
796 2898 910 2929 Luard
937 2898 1005 2931 vol.
1033 2898 1071 2940 II7
1104 2899 1176 2939 184.

1755 263 1834 301 223

1608 1203 1675 1230 The
1696 1202 1763 1237 plea
1782 1201 1809 1229 is

1594 1238 1679 1273 false,
1700 1238 1749 1265 for
1768 1237 1819 1263 the

1579 1272 1703 1301 Church
1724 1272 1832 1299 throve

1610 1312 1693 1335 most
1713 1307 1801 1333 when

1658 1350 1746 1378 poor.

1614 1915 1753 1950 Attempt
1773 1918 1801 1940 at

1599 1950 1754 1978 extortion
1777 1950 1814 1985 by

1621 1987 1672 2013 the
1694 1984 1802 2020 pope's

1609 2021 1707 2057 legate
1729 2021 1812 2046 Otto.
