2078 3338
224 274 311 302 CAP-
340 263 410 320 HL]
623 278 680 308 1313
709 277 990 309 POTESTATE
1018 277 1147 310 PAPE.
1779 280 1826 317 51

223 382 374 433 ipsum
407 382 569 432 solum,
603 386 652 421 ut
687 381 886 433 exposui
914 380 1032 420 VIII
1067 381 1271 433 capitulo
1306 380 1373 420 IV
1404 381 1541 421 huius

223 457 269 491 et
301 449 476 490 XXIV
510 463 609 503 cap.
640 449 685 489 V
716 450 833 490 libri.
886 449 1018 489 Idem
1049 450 1301 503 figuratum
1335 456 1407 490 est
1439 451 1540 501 Joh.

221 520 398 569 ultimo,
437 519 518 559 ubi
554 519 601 559 in
643 525 882 559 conventu
921 520 1169 560 duodecim
1203 520 1540 573 discipulorum

219 589 575 629 universitatem
617 588 826 629 fidelium
873 588 1046 629 Christi
1090 589 1383 642 signancium
1427 594 1542 642 post

186 659 452 712 §triplicem
476 658 878 699 examinacionem
903 659 1072 698 amoris
1102 659 1207 712 ipse
1240 659 1542 712 singulariter

217 729 401 782 recepit
434 743 460 769 a
482 734 675 782 pastore
701 743 879 769 summo
906 742 1061 769 curam
1087 735 1133 769 et
1155 735 1342 782 pastum
1370 728 1539 782 simpli·
1556 736 1824 799 ‘f'ssss¹'1³5}{‡15‚¹¹3¹{55

101 804 179 847 173b
219 798 336 839 citer
364 798 367 852 J
396 804 488 838 tam
534 799 693 838 ovium
739 812 875 852 quam
922 812 1163 852 agnorum,
1209 804 1260 838 ut
1304 798 1426 838 sicut
1469 804 1542 838 ter
1602 806 1778 841 meumep.

219 867 451 907 Christum
495 874 769 923 negaverat,
815 868 882 908 sic
928 869 1149 908 ostendat
1194 868 1293 908 eius
1336 881 1541 908 amorem

215 936 263 976 in
296 938 539 990 pascendo
572 943 833 991 magnates,
866 938 1039 992 vulgus
1075 943 1122 978 et
1152 937 1351 978 clericos
1373 938 1539 989 verbo,

164 1024 202 1045 10
217 1019 365 1059 opere
399 1012 446 1046 et
479 1007 714 1060 exemplo.

276 1076 502 1129 Quamvis
548 1077 670 1117 enim
715 1090 884 1117 sensus
929 1076 1140 1117 misticus
1174 1077 1408 1130 scripture
1445 1090 1541 1116 non
1599 1085 1786 1120 Amystical

217 1145 276 1186 sit
300 1146 359 1186 de
387 1159 438 1186 se
462 1146 656 1187 evidens
679 1146 854 1199 ignaris
888 1146 946 1186 ad
967 1147 1266 1200 probandum
1291 1146 1540 1186 scolastice
1607 1127 1780 1182 ῗῗιιῖἓιῗάἓὲἶς

214 1216 479 1269 figuratum,
521 1222 679 1256 tamen
724 1216 763 1256 si
806 1217 1002 1269 probari
1035 1222 1202 1270 potest
1247 1230 1308 1256 ex
1350 1216 1540 1256 racione
1614 1190 1770 1259 iiii-<5¹:233

216 1286 294 1325 vel
332 1286 567 1339 scriptura
606 1286 691 1326 alia
730 1287 859 1339 quod
891 1300 1059 1327 sensus
1097 1286 1188 1326 iste
1232 1286 1444 1326 misticus
1476 1286 1539 1325 in-

165 1362 199 1394 15
216 1360 377 1396 tentus
409 1356 564 1397 fuerat
596 1358 653 1396 ab
678 1362 850 1409 autore,
884 1362 997 1397 tunc
1020 1370 1189 1397 sensus
1211 1356 1288 1396 ille
1314 1361 1387 1396 est
1411 1355 1539 1408 equi-

215 1427 380 1466 valens
411 1426 604 1474 literali;
646 1432 694 1466 et
733 1426 800 1466 sic
833 1440 951 1480 sepe
980 1428 1155 1480 probat
1176 1426 1444 1479 Apostolus
1478 1438 1539 1465 ex

214 1495 379 1549 figuris
408 1496 586 1536 veteris
618 1496 893 1536 testamenti
924 1496 1176 1549 figuratum
1210 1495 1461 1549 allegorice
1492 1494 1540 1534 in

215 1577 356 1617 novo,
400 1571 452 1606 ut
489 1571 624 1618 patet
658 1566 690 1605 I.
728 1565 831 1608 Cor.
863 1566 925 1619 X,
960 1565 1058 1608 Gal.
1090 1565 1159 1606 IV
1193 1571 1240 1606 et
1276 1565 1397 1605 Heb.
1430 1563 1537 1605 VII.

217 1633 332 1674 Cum
362 1634 509 1688 igitur
543 1649 640 1675 non
670 1635 854 1676 dicetur
886 1634 998 1688 quid
1020 1634 1345 1688 pertinencius
1366 1635 1536 1687 figura-

159 1709 323 1744 2orunt
364 1704 456 1745 ista
500 1705 801 1758 singulariter
844 1705 971 1745 facta
1013 1705 1157 1745 Petro
1203 1718 1341 1757 quam
1374 1716 1536 1757 prero-

215 1772 423 1826 gativam
466 1774 600 1815 Petri
652 1788 797 1828 super
847 1774 975 1827 alios,
1034 1773 1223 1814 videtur
1276 1774 1405 1826 quod
1446 1773 1537 1813 iste

215 1842 461 1883 suasiones
490 1844 757 1897 quietarent
786 1844 977 1883 fidelem
1008 1843 1286 1896 theologum
1317 1843 1374 1882 ad
1395 1843 1535 1882 fidem

216 1912 455 1966 questioni
485 1913 739 1966 proposite
773 1913 1098 1953 adhibendam.
1131 1912 1272 1952 Dicat
1302 1912 1447 1965 igitur
1463 1912 1536 1951 ad—

214 1982 452 2023 versarius
483 1983 618 2023 istam
652 1982 953 2028 sentenciam,
987 1982 1065 2022 vel
1093 1982 1221 2035 quod
1255 1981 1431 2034 aliquid
1465 1985 1539 2021 est

159 2059 241 2092 25a
279 2051 462 2092 Christo
505 2052 851 2105 inpertinenter
894 2052 1082 2104 factum,
1130 2056 1209 2091 aut
1256 2064 1318 2091 ex
1360 2049 1538 2090 indiffe-

214 2121 375 2161 rencia
405 2121 615 2174 positum
647 2121 694 2161 in
728 2122 971 2174 scriptura,
998 2122 1075 2161 vel
1106 2120 1240 2160 aliter
1269 2120 1393 2160 dicat
1426 2120 1539 2173 quid

217 2192 334 2231 ordo
359 2196 406 2231 et
429 2191 726 2244 singularitas
749 2196 1131 2244 prenarratorum
1161 2204 1358 2243 operum
1383 2190 1538 2243 quoad

214 2261 410 2301 Petrum
446 2261 770 2314 pertinencius
810 2274 947 2314 quam
1001 2261 1100 2301 eius
1139 2259 1537 2313 preeminenciam

217 2344 362 2384 super
394 2330 510 2370 alios
541 2331 779 2384 figuraret.
833 2330 947 2371 Cum
982 2330 1103 2370 enim
1142 2330 1374 2383 scriptura
1406 2342 1538 2370 sacra

161 2409 201 2441 30
218 2400 438 2453 exprimit
491 2406 539 2440 et
579 2400 706 2441 racio
753 2400 1012 2441 necessitat
1056 2405 1280 2453 oportere
1334 2399 1536 2452 aliquem

216 2470 484 2523 apostolum
518 2483 624 2510 esse
657 2471 809 2522 talem,
845 2470 1047 2510 ecclesia
1071 2476 1225 2510 autem
1247 2469 1537 2522 generaliter

216 2540 377 2580 credat
396 2540 489 2579 hoc
513 2540 572 2580 de
594 2540 751 2586 Petro,
784 2540 918 2580 Deus
946 2539 1219 2580 notabiliter
1240 2539 1538 2592 permitteret

285 2766 311 2785 2.
334 2757 372 2785 13:
393 2764 460 2792 34‚·
479 2760 508 2784 A
528 2758 559 2784 in
582 2766 680 2794 marg.
703 2758 760 2785 alia
781 2765 890 2785 manu:
911 2756 992 2786 Nota
1012 2758 1095 2793 quod
1113 2766 1220 2785 sensus
1236 2757 1430 2794 figuraliter
1451 2758 1536 2793 equi-

212 2804 292 2831 valet
312 2804 440 2831 literali.
530 2803 573 2832 13.
597 2804 708 2832 Codd.:
731 2807 832 2832 tamen
852 2805 906 2832 sic.
981 2813 1021 2840 19.
1046 2803 1157 2832 Codd.:
1180 2803 1310 2832 dicetur.

289 2908 314 2929 1.
343 2898 392 2929 De
420 2898 520 2929 Civili
549 2899 715 2930 Dominio
741 2899 780 2941 ΙΙ,
808 2898 849 2931 62
879 2906 912 2931 et
938 2900 991 2937 ΙΙΙ,
1022 2899 1097 2942 519.
