<?xml version="1.0" encoding="UTF-8"?>
<!DOCTYPE html PUBLIC "-//W3C//DTD XHTML 1.0 Transitional//EN"
    "http://www.w3.org/TR/xhtml1/DTD/xhtml1-transitional.dtd">
<html xmlns="http://www.w3.org/1999/xhtml" xml:lang="en" lang="en">
 <head>
  <title>
</title>
<meta http-equiv="Content-Type" content="text/html;charset=utf-8" />
  <meta name='ocr-system' content='tesseract 3.04.00' />
  <meta name='ocr-capabilities' content='ocr_page ocr_carea ocr_par ocr_line ocrx_word'/>
</head>
<body>
  <div class='ocr_page' id='page_1' title='image "./tractatusdepotes00wycl_0289.png"; bbox 0 0 2078 3338; ppageno 0'>
   <div class='ocr_carea' id='block_1_1' title="bbox 223 269 1144 327">
    <p class='ocr_par' dir='ltr' id='par_1_1' title="bbox 223 269 1144 327">
     <span class='ocr_line' id='line_1_1' title="bbox 223 269 1144 327; baseline 0.003 -15"><span class='ocrx_word' id='word_1_1' title='bbox 223 279 311 309; x_wconf 72' lang='lat' dir='ltr'>CAP.</span> <span class='ocrx_word' id='word_1_2' title='bbox 332 269 387 327; x_wconf 70' lang='lat' dir='ltr'>x]</span> <span class='ocrx_word' id='word_1_3' title='bbox 623 282 681 314; x_wconf 82' lang='lat' dir='ltr'>DE</span> <span class='ocrx_word' id='word_1_4' title='bbox 708 281 988 315; x_wconf 79' lang='lat' dir='ltr'>POTEsTATE</span> <span class='ocrx_word' id='word_1_5' title='bbox 1016 282 1144 315; x_wconf 81' lang='lat' dir='ltr'>PAPE.</span> 
     </span>
    </p>
   </div>
   <div class='ocr_carea' id='block_1_2' title="bbox 103 386 1539 1769">
    <p class='ocr_par' dir='ltr' id='par_1_2' title="bbox 103 386 1539 1769">
     <span class='ocr_line' id='line_1_2' title="bbox 223 386 1538 441; baseline -0.001 -13"><span class='ocrx_word' id='word_1_6' title='bbox 223 387 439 428; x_wconf 83' lang='lat' dir='ltr'>cessione</span> <span class='ocrx_word' id='word_1_7' title='bbox 486 387 658 428; x_wconf 86' lang='lat' dir='ltr'>cesaris</span> <span class='ocrx_word' id='word_1_8' title='bbox 703 387 848 428; x_wconf 88' lang='lat' dir='ltr'>debet</span> <span class='ocrx_word' id='word_1_9' title='bbox 889 386 994 441; x_wconf 88' lang='lat' dir='ltr'>ipse</span> <span class='ocrx_word' id='word_1_10' title='bbox 1033 386 1287 428; x_wconf 88' lang='lat' dir='ltr'>dominium</span> <span class='ocrx_word' id='word_1_11' title='bbox 1322 387 1368 428; x_wconf 88' lang='lat' dir='ltr'>in</span> <span class='ocrx_word' id='word_1_12' title='bbox 1400 386 1538 428; x_wconf 86' lang='lat' dir='ltr'>nobis</span> 
     </span>
     <span class='ocr_line' id='line_1_3' title="bbox 103 454 1539 511; baseline 0.002 -17"><span class='ocrx_word' id='word_1_13' title='bbox 103 459 185 504; x_wconf 76' lang='lat' dir='ltr'>217cl</span> <span class='ocrx_word' id='word_1_14' title='bbox 222 458 300 498; x_wconf 88' lang='lat' dir='ltr'>vel</span> <span class='ocrx_word' id='word_1_15' title='bbox 331 456 507 499; x_wconf 87' lang='lat' dir='ltr'>nostris</span> <span class='ocrx_word' id='word_1_16' title='bbox 539 456 924 510; x_wconf 83' lang='lat' dir='ltr'>possessionibus</span> <span class='ocrx_word' id='word_1_17' title='bbox 954 454 959 511; x_wconf 85' lang='grc' dir='ltr'>Ι</span> <span class='ocrx_word' id='word_1_18' title='bbox 987 456 1252 498; x_wconf 70' lang='lat' dir='ltr'>vendicare</span> <span class='ocrx_word' id='word_1_19' title='bbox 1285 456 1394 498; x_wconf 91' lang='lat' dir='ltr'>Non</span> <span class='ocrx_word' id='word_1_20' title='bbox 1418 457 1539 498; x_wconf 90' lang='lat' dir='ltr'>enim</span> 
     </span>
     <span class='ocr_line' id='line_1_4' title="bbox 221 526 1537 581; baseline 0 -13"><span class='ocrx_word' id='word_1_21' title='bbox 221 528 365 570; x_wconf 87' lang='lat' dir='ltr'>habet</span> <span class='ocrx_word' id='word_1_22' title='bbox 397 540 459 568; x_wconf 80' lang='lat' dir='ltr'>ex</span> <span class='ocrx_word' id='word_1_23' title='bbox 490 526 626 568; x_wconf 88' lang='lat' dir='ltr'>titulo</span> <span class='ocrx_word' id='word_1_24' title='bbox 661 526 835 567; x_wconf 91' lang='lat' dir='ltr'>cesaris</span> <span class='ocrx_word' id='word_1_25' title='bbox 868 526 1066 580; x_wconf 89' lang='lat' dir='ltr'>amplius</span> <span class='ocrx_word' id='word_1_26' title='bbox 1098 526 1367 578; x_wconf 77' lang='lat' dir='ltr'>dominium,</span> <span class='ocrx_word' id='word_1_27' title='bbox 1401 541 1537 581; x_wconf 88' lang='lat' dir='ltr'>quam</span> 
     </span>
     <span class='ocr_line' id='line_1_5' title="bbox 223 594 1536 651; baseline 0 -13"><span class='ocrx_word' id='word_1_28' title='bbox 223 597 511 651; x_wconf 80' lang='lat' dir='ltr'>originaliter</span> <span class='ocrx_word' id='word_1_29' title='bbox 531 596 695 637; x_wconf 82' lang='lat' dir='ltr'>habuit</span> <span class='ocrx_word' id='word_1_30' title='bbox 723 596 804 650; x_wconf 87' lang='lat' dir='ltr'>qui</span> <span class='ocrx_word' id='word_1_31' title='bbox 828 596 1032 638; x_wconf 89' lang='lat' dir='ltr'>donavit.</span> <span class='ocrx_word' id='word_1_32' title='bbox 1056 594 1151 638; x_wconf 88' lang='lat' dir='ltr'>Sed</span> <span class='ocrx_word' id='word_1_33' title='bbox 1173 602 1305 650; x_wconf 89' lang='lat' dir='ltr'>patet</span> <span class='ocrx_word' id='word_1_34' title='bbox 1328 610 1389 637; x_wconf 81' lang='lat' dir='ltr'>ex</span> <span class='ocrx_word' id='word_1_35' title='bbox 1411 597 1536 638; x_wconf 87' lang='lat' dir='ltr'>facto</span> 
     </span>
     <span class='ocr_line' id='line_1_6' title="bbox 188 666 1535 721; baseline 0.001 -16"><span class='ocrx_word' id='word_1_36' title='bbox 188 672 270 708; x_wconf 68' lang='lat' dir='ltr'>§et</span> <span class='ocrx_word' id='word_1_37' title='bbox 314 666 513 708; x_wconf 84' lang='lat' dir='ltr'>cronicis</span> <span class='ocrx_word' id='word_1_38' title='bbox 559 667 687 721; x_wconf 87' lang='lat' dir='ltr'>quod</span> <span class='ocrx_word' id='word_1_39' title='bbox 728 680 817 706; x_wconf 76' lang='lat' dir='ltr'>rex</span> <span class='ocrx_word' id='word_1_40' title='bbox 867 672 1032 708; x_wconf 86' lang='lat' dir='ltr'>noster</span> <span class='ocrx_word' id='word_1_41' title='bbox 1083 666 1259 707; x_wconf 89' lang='lat' dir='ltr'>devicit</span> <span class='ocrx_word' id='word_1_42' title='bbox 1311 680 1535 718; x_wconf 80' lang='lat' dir='ltr'>cesarem,</span> 
     </span>
     <span class='ocr_line' id='line_1_7' title="bbox 218 736 1538 790; baseline 0 -13"><span class='ocrx_word' id='word_1_43' title='bbox 218 736 330 778; x_wconf 90' lang='lat' dir='ltr'>licet</span> <span class='ocrx_word' id='word_1_44' title='bbox 375 737 431 777; x_wconf 92' lang='lat' dir='ltr'>ad</span> <span class='ocrx_word' id='word_1_45' title='bbox 475 736 701 777; x_wconf 88' lang='lat' dir='ltr'>morulam</span> <span class='ocrx_word' id='word_1_46' title='bbox 746 750 806 776; x_wconf 84' lang='lat' dir='ltr'>ex</span> <span class='ocrx_word' id='word_1_47' title='bbox 853 749 963 777; x_wconf 88' lang='lat' dir='ltr'>casu</span> <span class='ocrx_word' id='word_1_48' title='bbox 1006 736 1269 789; x_wconf 88' lang='lat' dir='ltr'>proditorio</span> <span class='ocrx_word' id='word_1_49' title='bbox 1315 737 1538 790; x_wconf 49' lang='lat' dir='ltr'>sibi‘per</span> 
     </span>
     <span class='ocr_line' id='line_1_8' title="bbox 218 805 1536 861; baseline -0.001 -14"><span class='ocrx_word' id='word_1_50' title='bbox 218 807 409 847; x_wconf 88' lang='lat' dir='ltr'>modurn</span> <span class='ocrx_word' id='word_1_51' title='bbox 451 805 712 860; x_wconf 83' lang='lat' dir='ltr'>tyrannidis</span> <span class='ocrx_word' id='word_1_52' title='bbox 759 811 831 847; x_wconf 88' lang='lat' dir='ltr'>est</span> <span class='ocrx_word' id='word_1_53' title='bbox 875 806 1130 848; x_wconf 83' lang='lat' dir='ltr'>subiectus.</span> <span class='ocrx_word' id='word_1_54' title='bbox 1194 806 1343 847; x_wconf 91' lang='lat' dir='ltr'>Notet</span> <span class='ocrx_word' id='word_1_55' title='bbox 1392 805 1536 861; x_wconf 83' lang='lat' dir='ltr'>igitur</span> 
     </span>
     <span class='ocr_line' id='line_1_9' title="bbox 216 875 1534 917; baseline 0 0"><span class='ocrx_word' id='word_1_56' title='bbox 216 876 355 917; x_wconf 90' lang='lat' dir='ltr'>homo</span> <span class='ocrx_word' id='word_1_57' title='bbox 389 881 561 917; x_wconf 88' lang='lat' dir='ltr'>cartam</span> <span class='ocrx_word' id='word_1_58' title='bbox 591 876 764 916; x_wconf 91' lang='lat' dir='ltr'>cesaris</span> <span class='ocrx_word' id='word_1_59' title='bbox 788 876 846 916; x_wconf 90' lang='lat' dir='ltr'>de</span> <span class='ocrx_word' id='word_1_60' title='bbox 870 875 1122 916; x_wconf 91' lang='lat' dir='ltr'>dotacione</span> <span class='ocrx_word' id='word_1_61' title='bbox 1147 876 1348 916; x_wconf 83' lang='lat' dir='ltr'>ecclesie</span> <span class='ocrx_word' id='word_1_62' title='bbox 1371 875 1534 917; x_wconf 88' lang='lat' dir='ltr'>XCVI</span> 
     </span>
     <span class='ocr_line' id='line_1_10' title="bbox 218 945 1535 996; baseline 0 -10"><span class='ocrx_word' id='word_1_63' title='bbox 218 946 527 987; x_wconf 87' lang='lat' dir='ltr'>distinccione</span> <span class='ocrx_word' id='word_1_64' title='bbox 570 945 892 989; x_wconf 77' lang='lat' dir='ltr'>Constantinus</span> <span class='ocrx_word' id='word_1_65' title='bbox 931 960 1034 986; x_wconf 90' lang='lat' dir='ltr'>cum</span> <span class='ocrx_word' id='word_1_66' title='bbox 1079 946 1177 986; x_wconf 90' lang='lat' dir='ltr'>aliis</span> <span class='ocrx_word' id='word_1_67' title='bbox 1224 945 1439 996; x_wconf 81' lang='lat' dir='ltr'>cronicis,</span> <span class='ocrx_word' id='word_1_68' title='bbox 1489 951 1535 986; x_wconf 91' lang='lat' dir='ltr'>et</span> 
     </span>
     <span class='ocr_line' id='line_1_11' title="bbox 164 1015 1533 1070; baseline 0 -13"><span class='ocrx_word' id='word_1_69' title='bbox 164 1016 400 1057; x_wconf 86' lang='lat' dir='ltr'>10videbit</span> <span class='ocrx_word' id='word_1_70' title='bbox 443 1017 572 1070; x_wconf 85' lang='lat' dir='ltr'>quod</span> <span class='ocrx_word' id='word_1_71' title='bbox 615 1030 813 1070; x_wconf 84' lang='lat' dir='ltr'>regnum</span> <span class='ocrx_word' id='word_1_72' title='bbox 855 1021 1083 1067; x_wconf 85' lang='lat' dir='ltr'>nostrum,</span> <span class='ocrx_word' id='word_1_73' title='bbox 1130 1015 1251 1056; x_wconf 90' lang='lat' dir='ltr'>sicut</span> <span class='ocrx_word' id='word_1_74' title='bbox 1300 1029 1396 1057; x_wconf 88' lang='lat' dir='ltr'>non</span> <span class='ocrx_word' id='word_1_75' title='bbox 1427 1019 1533 1058; x_wconf 83' lang='lat' dir='ltr'>sub-</span> 
     </span>
     <span class='ocr_line' id='line_1_12' title="bbox 215 1085 1535 1141; baseline -0.001 -14"><span class='ocrx_word' id='word_1_76' title='bbox 215 1086 403 1141; x_wconf 79' lang='lat' dir='ltr'>iugatur</span> <span class='ocrx_word' id='word_1_77' title='bbox 433 1086 647 1140; x_wconf 78' lang='lat' dir='ltr'>imperio,</span> <span class='ocrx_word' id='word_1_78' title='bbox 693 1086 760 1126; x_wconf 90' lang='lat' dir='ltr'>sic</span> <span class='ocrx_word' id='word_1_79' title='bbox 792 1099 882 1126; x_wconf 91' lang='lat' dir='ltr'>nec</span> <span class='ocrx_word' id='word_1_80' title='bbox 914 1085 1134 1126; x_wconf 86' lang='lat' dir='ltr'>Romano</span> <span class='ocrx_word' id='word_1_81' title='bbox 1173 1085 1400 1139; x_wconf 86' lang='lat' dir='ltr'>pontifici,</span> <span class='ocrx_word' id='word_1_82' title='bbox 1445 1085 1535 1126; x_wconf 93' lang='lat' dir='ltr'>nisi</span> 
     </span>
     <span class='ocr_line' id='line_1_13' title="bbox 217 1155 1533 1210; baseline 0.001 -15"><span class='ocrx_word' id='word_1_83' title='bbox 217 1155 340 1199; x_wconf 86' lang='lat' dir='ltr'>sicut</span> <span class='ocrx_word' id='word_1_84' title='bbox 372 1156 572 1209; x_wconf 82' lang='lat' dir='ltr'>quilibet</span> <span class='ocrx_word' id='word_1_85' title='bbox 604 1155 881 1196; x_wconf 88' lang='lat' dir='ltr'>christianus</span> <span class='ocrx_word' id='word_1_86' title='bbox 915 1156 1062 1196; x_wconf 89' lang='lat' dir='ltr'>debet</span> <span class='ocrx_word' id='word_1_87' title='bbox 1094 1169 1154 1195; x_wconf 83' lang='lat' dir='ltr'>ex</span> <span class='ocrx_word' id='word_1_88' title='bbox 1185 1156 1295 1210; x_wconf 84' lang='lat' dir='ltr'>lege</span> <span class='ocrx_word' id='word_1_89' title='bbox 1324 1155 1533 1197; x_wconf 87' lang='lat' dir='ltr'>caritatis</span> 
     </span>
     <span class='ocr_line' id='line_1_14' title="bbox 217 1225 1532 1276; baseline 0 -10"><span class='ocrx_word' id='word_1_90' title='bbox 217 1225 356 1266; x_wconf 89' lang='lat' dir='ltr'>subdi</span> <span class='ocrx_word' id='word_1_91' title='bbox 395 1225 540 1276; x_wconf 80' lang='lat' dir='ltr'>alteri,</span> <span class='ocrx_word' id='word_1_92' title='bbox 587 1231 634 1266; x_wconf 90' lang='lat' dir='ltr'>et</span> <span class='ocrx_word' id='word_1_93' title='bbox 674 1225 892 1266; x_wconf 85' lang='lat' dir='ltr'>conversi</span> <span class='ocrx_word' id='word_1_94' title='bbox 931 1225 1122 1266; x_wconf 85' lang='lat' dir='ltr'>fuerunt</span> <span class='ocrx_word' id='word_1_95' title='bbox 1153 1225 1330 1266; x_wconf 87' lang='lat' dir='ltr'>subditi</span> <span class='ocrx_word' id='word_1_96' title='bbox 1368 1230 1532 1266; x_wconf 89' lang='lat' dir='ltr'>sancto</span> 
     </span>
     <span class='ocr_line' id='line_1_15' title="bbox 214 1294 1534 1350; baseline 0.001 -15"><span class='ocrx_word' id='word_1_97' title='bbox 214 1295 373 1337; x_wconf 88' lang='lat' dir='ltr'>Petro.</span> <span class='ocrx_word' id='word_1_98' title='bbox 425 1295 524 1337; x_wconf 85' lang='lat' dir='ltr'>Sed</span> <span class='ocrx_word' id='word_1_99' title='bbox 566 1296 709 1350; x_wconf 85' lang='lat' dir='ltr'>longe</span> <span class='ocrx_word' id='word_1_100' title='bbox 752 1296 844 1336; x_wconf 91' lang='lat' dir='ltr'>hoc</span> <span class='ocrx_word' id='word_1_101' title='bbox 890 1309 913 1336; x_wconf 91' lang='lat' dir='ltr'>a</span> <span class='ocrx_word' id='word_1_102' title='bbox 954 1295 1101 1336; x_wconf 88' lang='lat' dir='ltr'>forma</span> <span class='ocrx_word' id='word_1_103' title='bbox 1144 1295 1211 1336; x_wconf 88' lang='lat' dir='ltr'>sic</span> <span class='ocrx_word' id='word_1_104' title='bbox 1250 1294 1534 1337; x_wconf 89' lang='lat' dir='ltr'>vendicandi</span> 
     </span>
     <span class='ocr_line' id='line_1_16' title="bbox 162 1365 1532 1419; baseline 0 -13"><span class='ocrx_word' id='word_1_105' title='bbox 162 1369 198 1402; x_wconf 82' lang='lat'>15</span> <span class='ocrx_word' id='word_1_106' title='bbox 216 1365 488 1408; x_wconf 88' lang='lat' dir='ltr'>subsidium.</span> <span class='ocrx_word' id='word_1_107' title='bbox 509 1366 649 1407; x_wconf 87' lang='lat' dir='ltr'>Unde</span> <span class='ocrx_word' id='word_1_108' title='bbox 670 1365 861 1406; x_wconf 87' lang='lat' dir='ltr'>videtur</span> <span class='ocrx_word' id='word_1_109' title='bbox 883 1365 1022 1406; x_wconf 88' lang='lat' dir='ltr'>michi</span> <span class='ocrx_word' id='word_1_110' title='bbox 1043 1366 1172 1419; x_wconf 87' lang='lat' dir='ltr'>quod</span> <span class='ocrx_word' id='word_1_111' title='bbox 1194 1366 1532 1406; x_wconf 86' lang='lat' dir='ltr'>consulendum</span> 
     </span>
     <span class='ocr_line' id='line_1_17' title="bbox 217 1435 1533 1490; baseline 0 -14"><span class='ocrx_word' id='word_1_112' title='bbox 217 1440 290 1476; x_wconf 90' lang='lat' dir='ltr'>est</span> <span class='ocrx_word' id='word_1_113' title='bbox 332 1449 481 1490; x_wconf 83' lang='lat' dir='ltr'>regno</span> <span class='ocrx_word' id='word_1_114' title='bbox 525 1435 701 1490; x_wconf 82' lang='lat' dir='ltr'>Anglie</span> <span class='ocrx_word' id='word_1_115' title='bbox 746 1437 874 1489; x_wconf 88' lang='lat' dir='ltr'>quod</span> <span class='ocrx_word' id='word_1_116' title='bbox 919 1449 976 1476; x_wconf 93' lang='lat' dir='ltr'>eo</span> <span class='ocrx_word' id='word_1_117' title='bbox 1018 1436 1266 1489; x_wconf 88' lang='lat' dir='ltr'>accepcius</span> <span class='ocrx_word' id='word_1_118' title='bbox 1304 1437 1533 1477; x_wconf 77' lang='lat' dir='ltr'>subdatur</span> 
     </span>
     <span class='ocr_line' id='line_1_18' title="bbox 214 1505 1530 1561; baseline 0 -14"><span class='ocrx_word' id='word_1_119' title='bbox 214 1519 316 1547; x_wconf 81' lang='lat' dir='ltr'>vero</span> <span class='ocrx_word' id='word_1_120' title='bbox 362 1519 486 1560; x_wconf 79' lang='lat' dir='ltr'>pape</span> <span class='ocrx_word' id='word_1_121' title='bbox 536 1506 674 1559; x_wconf 86' lang='lat' dir='ltr'>(sicut</span> <span class='ocrx_word' id='word_1_122' title='bbox 727 1505 928 1561; x_wconf 83' lang='lat' dir='ltr'>contigit</span> <span class='ocrx_word' id='word_1_123' title='bbox 980 1506 1038 1546; x_wconf 90' lang='lat' dir='ltr'>de</span> <span class='ocrx_word' id='word_1_124' title='bbox 1090 1506 1247 1546; x_wconf 86' lang='lat' dir='ltr'>multis</span> <span class='ocrx_word' id='word_1_125' title='bbox 1300 1506 1530 1547; x_wconf 88' lang='lat' dir='ltr'>Romanis</span> 
     </span>
     <span class='ocr_line' id='line_1_19' title="bbox 215 1576 1528 1630; baseline 0.001 -14"><span class='ocrx_word' id='word_1_126' title='bbox 215 1576 472 1630; x_wconf 79' lang='lat' dir='ltr'>episcopis)</span> <span class='ocrx_word' id='word_1_127' title='bbox 519 1590 612 1630; x_wconf 87' lang='lat' dir='ltr'>quo</span> <span class='ocrx_word' id='word_1_128' title='bbox 656 1576 849 1617; x_wconf 89' lang='lat' dir='ltr'>liberius</span> <span class='ocrx_word' id='word_1_129' title='bbox 893 1577 1035 1617; x_wconf 89' lang='lat' dir='ltr'>modo</span> <span class='ocrx_word' id='word_1_130' title='bbox 1070 1590 1164 1630; x_wconf 88' lang='lat' dir='ltr'>quo</span> <span class='ocrx_word' id='word_1_131' title='bbox 1214 1578 1358 1617; x_wconf 89' lang='lat' dir='ltr'>debet</span> <span class='ocrx_word' id='word_1_132' title='bbox 1387 1577 1528 1617; x_wconf 90' lang='lat' dir='ltr'>homo</span> 
     </span>
     <span class='ocr_line' id='line_1_20' title="bbox 212 1646 1529 1701; baseline 0.002 -15"><span class='ocrx_word' id='word_1_133' title='bbox 212 1660 490 1699; x_wconf 89' lang='lat' dir='ltr'>promerens</span> <span class='ocrx_word' id='word_1_134' title='bbox 523 1646 636 1687; x_wconf 86' lang='lat' dir='ltr'>illud</span> <span class='ocrx_word' id='word_1_135' title='bbox 668 1646 792 1696; x_wconf 86' lang='lat' dir='ltr'>facit⁷</span> <span class='ocrx_word' id='word_1_136' title='bbox 827 1648 1038 1688; x_wconf 86' lang='lat' dir='ltr'>cavendo</span> <span class='ocrx_word' id='word_1_137' title='bbox 1073 1660 1262 1701; x_wconf 85' lang='lat' dir='ltr'>semper</span> <span class='ocrx_word' id='word_1_138' title='bbox 1283 1661 1342 1688; x_wconf 91' lang='lat' dir='ltr'>ne</span> <span class='ocrx_word' id='word_1_139' title='bbox 1363 1646 1529 1701; x_wconf 87' lang='lat' dir='ltr'>aliquis</span> 
     </span>
     <span class='ocr_line' id='line_1_21' title="bbox 155 1715 1528 1769; baseline 0.001 -13"><span class='ocrx_word' id='word_1_140' title='bbox 155 1729 197 1750; x_wconf 89' lang='lat'>20</span> <span class='ocrx_word' id='word_1_141' title='bbox 212 1715 434 1769; x_wconf 81' lang='lat' dir='ltr'>pontifex</span> <span class='ocrx_word' id='word_1_142' title='bbox 455 1716 755 1757; x_wconf 84' lang='lat' dir='ltr'>vendicando</span> <span class='ocrx_word' id='word_1_143' title='bbox 781 1715 1035 1757; x_wconf 87' lang='lat' dir='ltr'>dominium</span> <span class='ocrx_word' id='word_1_144' title='bbox 1057 1717 1308 1758; x_wconf 87' lang='lat' dir='ltr'>blasfemet</span> <span class='ocrx_word' id='word_1_145' title='bbox 1338 1717 1385 1758; x_wconf 92' lang='lat' dir='ltr'>in</span> <span class='ocrx_word' id='word_1_146' title='bbox 1410 1730 1528 1767; x_wconf 88' lang='lat' dir='ltr'>eum,</span> 
     </span>
    </p>
   </div>
   <div class='ocr_carea' id='block_1_3' title="bbox 1749 286 1826 326">
    <p class='ocr_par' dir='ltr' id='par_1_3' title="bbox 1749 286 1826 326">
     <span class='ocr_line' id='line_1_22' title="bbox 1749 286 1826 326; baseline 0.026 -14"><span class='ocrx_word' id='word_1_147' title='bbox 1749 286 1826 326; x_wconf 85' lang='lat'>227</span> 
     </span>
    </p>
   </div>
   <div class='ocr_carea' id='block_1_4' title="bbox 1563 814 1817 950">
    <p class='ocr_par' dir='ltr' id='par_1_4' title="bbox 1563 814 1817 950">
     <span class='ocr_line' id='line_1_23' title="bbox 1569 814 1800 845; baseline 0.013 -3"><span class='ocrx_word' id='word_1_148' title='bbox 1569 814 1800 845; x_wconf 62' lang='lat' dir='ltr'>constantines</span> 
     </span>
     <span class='ocr_line' id='line_1_24' title="bbox 1563 850 1817 887; baseline 0.008 -10"><span class='ocrx_word' id='word_1_149' title='bbox 1563 850 1710 879; x_wconf 86' lang='lat' dir='ltr'>donation</span> <span class='ocrx_word' id='word_1_150' title='bbox 1731 851 1817 887; x_wconf 85' lang='lat' dir='ltr'>gives</span> 
     </span>
     <span class='ocr_line' id='line_1_25' title="bbox 1577 886 1799 915; baseline 0.009 -2"><span class='ocrx_word' id='word_1_151' title='bbox 1577 893 1616 913; x_wconf 90' lang='lat' dir='ltr'>no</span> <span class='ocrx_word' id='word_1_152' title='bbox 1636 886 1799 915; x_wconf 88' lang='lat' dir='ltr'>dominion</span> 
     </span>
     <span class='ocr_line' id='line_1_26' title="bbox 1645 921 1726 950; baseline 0.012 -1"><span class='ocrx_word' id='word_1_153' title='bbox 1645 921 1726 950; x_wconf 81' lang='lat' dir='ltr'>here.</span> 
     </span>
    </p>
   </div>
   <div class='ocr_carea' id='block_1_5' title="bbox 213 1785 1810 1840">
    <p class='ocr_par' dir='ltr' id='par_1_5' title="bbox 213 1785 1810 1840">
     <span class='ocr_line' id='line_1_27' title="bbox 213 1785 1810 1840; baseline -0.001 -15"><span class='ocrx_word' id='word_1_154' title='bbox 213 1785 321 1839; x_wconf 85' lang='lat' dir='ltr'>quia</span> <span class='ocrx_word' id='word_1_155' title='bbox 363 1785 504 1826; x_wconf 86' lang='lat' dir='ltr'>nichil</span> <span class='ocrx_word' id='word_1_156' title='bbox 547 1786 697 1840; x_wconf 85' lang='lat' dir='ltr'>magis</span> <span class='ocrx_word' id='word_1_157' title='bbox 743 1791 939 1826; x_wconf 80' lang='lat' dir='ltr'>enervat</span> <span class='ocrx_word' id='word_1_158' title='bbox 981 1785 1240 1839; x_wconf 86' lang='lat' dir='ltr'>imperium.</span> <span class='ocrx_word' id='word_1_159' title='bbox 1293 1785 1372 1828; x_wconf 85' lang='lat' dir='ltr'>Sic</span> <span class='ocrx_word' id='word_1_160' title='bbox 1406 1786 1529 1827; x_wconf 90' lang='lat' dir='ltr'>enim</span> <span class='ocrx_word' id='word_1_161' title='bbox 1549 1795 1647 1825; x_wconf 83' lang='lat' dir='ltr'>Harm</span> <span class='ocrx_word' id='word_1_162' title='bbox 1669 1796 1749 1824; x_wconf 77' lang='lat' dir='ltr'>done</span> <span class='ocrx_word' id='word_1_163' title='bbox 1770 1796 1810 1833; x_wconf 80' lang='lat' dir='ltr'>by</span> 
     </span>
    </p>
   </div>
   <div class='ocr_carea' id='block_1_6' title="bbox 151 1855 1530 2611">
    <p class='ocr_par' dir='ltr' id='par_1_6' title="bbox 151 1855 1530 2611">
     <span class='ocr_line' id='line_1_28' title="bbox 212 1855 1528 1910; baseline 0.002 -14"><span class='ocrx_word' id='word_1_164' title='bbox 212 1856 484 1896; x_wconf 88' lang='lat' dir='ltr'>translatum</span> <span class='ocrx_word' id='word_1_165' title='bbox 517 1861 590 1896; x_wconf 91' lang='lat' dir='ltr'>est</span> <span class='ocrx_word' id='word_1_166' title='bbox 617 1855 886 1896; x_wconf 86' lang='lat' dir='ltr'>Romanum</span> <span class='ocrx_word' id='word_1_167' title='bbox 918 1855 1164 1910; x_wconf 89' lang='lat' dir='ltr'>imperium</span> <span class='ocrx_word' id='word_1_168' title='bbox 1195 1856 1242 1897; x_wconf 91' lang='lat' dir='ltr'>in</span> <span class='ocrx_word' id='word_1_169' title='bbox 1268 1856 1528 1898; x_wconf 84' lang='lat' dir='ltr'>Germanos</span> 
     </span>
     <span class='ocr_line' id='line_1_29' title="bbox 213 1925 1529 1979; baseline 0.002 -14"><span class='ocrx_word' id='word_1_170' title='bbox 213 1930 262 1966; x_wconf 93' lang='lat' dir='ltr'>et</span> <span class='ocrx_word' id='word_1_171' title='bbox 293 1930 471 1966; x_wconf 89' lang='lat' dir='ltr'>tantum</span> <span class='ocrx_word' id='word_1_172' title='bbox 504 1925 743 1979; x_wconf 79' lang='lat' dir='ltr'>aporiatur</span> <span class='ocrx_word' id='word_1_173' title='bbox 775 1926 904 1978; x_wconf 90' lang='lat' dir='ltr'>quod</span> <span class='ocrx_word' id='word_1_174' title='bbox 935 1925 1017 1967; x_wconf 82' lang='lat' dir='ltr'>vix</span> <span class='ocrx_word' id='word_1_175' title='bbox 1051 1925 1140 1967; x_wconf 90' lang='lat' dir='ltr'>sibi</span> <span class='ocrx_word' id='word_1_176' title='bbox 1171 1927 1390 1967; x_wconf 81' lang='lat' dir='ltr'>subditur</span> <span class='ocrx_word' id='word_1_177' title='bbox 1422 1926 1529 1967; x_wconf 87' lang='lat' dir='ltr'>civi-</span> 
     </span>
     <span class='ocr_line' id='line_1_30' title="bbox 209 1994 1530 2049; baseline 0.002 -15"><span class='ocrx_word' id='word_1_178' title='bbox 209 1994 317 2035; x_wconf 82' lang='lat' dir='ltr'>liter</span> <span class='ocrx_word' id='word_1_179' title='bbox 350 1995 447 2035; x_wconf 81' lang='lat' dir='ltr'>dux</span> <span class='ocrx_word' id='word_1_180' title='bbox 467 1995 546 2035; x_wconf 85' lang='lat' dir='ltr'>vel</span> <span class='ocrx_word' id='word_1_181' title='bbox 579 2008 749 2037; x_wconf 91' lang='lat' dir='ltr'>comes.</span> <span class='ocrx_word' id='word_1_182' title='bbox 781 1995 842 2035; x_wconf 87' lang='lat' dir='ltr'>Et</span> <span class='ocrx_word' id='word_1_183' title='bbox 873 1996 1160 2049; x_wconf 84' lang='lat' dir='ltr'>generaliter</span> <span class='ocrx_word' id='word_1_184' title='bbox 1192 1996 1259 2036; x_wconf 89' lang='lat' dir='ltr'>sic</span> <span class='ocrx_word' id='word_1_185' title='bbox 1293 1996 1530 2037; x_wconf 89' lang='lat' dir='ltr'>decrescit</span> 
     </span>
     <span class='ocr_line' id='line_1_31' title="bbox 156 2064 1526 2118; baseline 0.001 -13"><span class='ocrx_word' id='word_1_186' title='bbox 156 2068 194 2100; x_wconf 86' lang='lat'>25</span> <span class='ocrx_word' id='word_1_187' title='bbox 211 2064 465 2105; x_wconf 89' lang='lat' dir='ltr'>dominium</span> <span class='ocrx_word' id='word_1_188' title='bbox 509 2065 637 2118; x_wconf 87' lang='lat' dir='ltr'>quod</span> <span class='ocrx_word' id='word_1_189' title='bbox 682 2070 755 2106; x_wconf 90' lang='lat' dir='ltr'>est</span> <span class='ocrx_word' id='word_1_190' title='bbox 796 2065 1026 2106; x_wconf 86' lang='lat' dir='ltr'>blasfemo</span> <span class='ocrx_word' id='word_1_191' title='bbox 1072 2065 1274 2107; x_wconf 90' lang='lat' dir='ltr'>clericali</span> <span class='ocrx_word' id='word_1_192' title='bbox 1321 2066 1526 2107; x_wconf 88' lang='lat' dir='ltr'>dominio</span> 
     </span>
     <span class='ocr_line' id='line_1_32' title="bbox 209 2134 1527 2190; baseline 0.002 -16"><span class='ocrx_word' id='word_1_193' title='bbox 209 2134 521 2190; x_wconf 85' lang='lat' dir='ltr'>subiugatum.</span> <span class='ocrx_word' id='word_1_194' title='bbox 546 2134 669 2177; x_wconf 88' lang='lat' dir='ltr'>Satis</span> <span class='ocrx_word' id='word_1_195' title='bbox 694 2141 768 2176; x_wconf 89' lang='lat' dir='ltr'>est</span> <span class='ocrx_word' id='word_1_196' title='bbox 788 2134 928 2188; x_wconf 82' lang='lat' dir='ltr'>igitur</span> <span class='ocrx_word' id='word_1_197' title='bbox 944 2136 1072 2189; x_wconf 89' lang='lat' dir='ltr'>quod</span> <span class='ocrx_word' id='word_1_198' title='bbox 1092 2148 1292 2188; x_wconf 84' lang='lat' dir='ltr'>regnum</span> <span class='ocrx_word' id='word_1_199' title='bbox 1314 2142 1527 2177; x_wconf 89' lang='lat' dir='ltr'>nostrum</span> 
     </span>
     <span class='ocr_line' id='line_1_33' title="bbox 209 2204 1527 2259; baseline 0.002 -15"><span class='ocrx_word' id='word_1_200' title='bbox 209 2209 388 2244; x_wconf 89' lang='lat' dir='ltr'>tantum</span> <span class='ocrx_word' id='word_1_201' title='bbox 428 2205 518 2245; x_wconf 90' lang='lat' dir='ltr'>sibi</span> <span class='ocrx_word' id='word_1_202' title='bbox 556 2204 762 2256; x_wconf 79' lang='lat' dir='ltr'>obediat⁷</span> <span class='ocrx_word' id='word_1_203' title='bbox 803 2210 1027 2259; x_wconf 86' lang='lat' dir='ltr'>quantum</span> <span class='ocrx_word' id='word_1_204' title='bbox 1061 2205 1236 2246; x_wconf 91' lang='lat' dir='ltr'>docere</span> <span class='ocrx_word' id='word_1_205' title='bbox 1267 2211 1432 2259; x_wconf 90' lang='lat' dir='ltr'>potest</span> <span class='ocrx_word' id='word_1_206' title='bbox 1464 2220 1527 2246; x_wconf 78' lang='lat' dir='ltr'>ex</span> 
     </span>
     <span class='ocr_line' id='line_1_34' title="bbox 208 2273 1524 2330; baseline 0.002 -17"><span class='ocrx_word' id='word_1_207' title='bbox 208 2273 452 2328; x_wconf 79' lang='lat' dir='ltr'>scriptura,</span> <span class='ocrx_word' id='word_1_208' title='bbox 483 2274 530 2314; x_wconf 85' lang='lat' dir='ltr'>in</span> <span class='ocrx_word' id='word_1_209' title='bbox 554 2288 644 2328; x_wconf 88' lang='lat' dir='ltr'>qua</span> <span class='ocrx_word' id='word_1_210' title='bbox 676 2281 749 2315; x_wconf 90' lang='lat' dir='ltr'>est</span> <span class='ocrx_word' id='word_1_211' title='bbox 772 2275 921 2316; x_wconf 90' lang='lat' dir='ltr'>omnis</span> <span class='ocrx_word' id='word_1_212' title='bbox 944 2274 1132 2326; x_wconf 76' lang='lat' dir='ltr'>veritas,</span> <span class='ocrx_word' id='word_1_213' title='bbox 1166 2276 1295 2329; x_wconf 88' lang='lat' dir='ltr'>quod</span> <span class='ocrx_word' id='word_1_214' title='bbox 1316 2277 1524 2330; x_wconf 89' lang='lat' dir='ltr'>populus</span> 
     </span>
     <span class='ocr_line' id='line_1_35' title="bbox 208 2343 1524 2395; baseline 0.002 -12"><span class='ocrx_word' id='word_1_215' title='bbox 208 2343 404 2384; x_wconf 90' lang='lat' dir='ltr'>obedire</span> <span class='ocrx_word' id='word_1_216' title='bbox 429 2343 594 2384; x_wconf 86' lang='lat' dir='ltr'>debuit</span> <span class='ocrx_word' id='word_1_217' title='bbox 626 2354 785 2385; x_wconf 84' lang='lat' dir='ltr'>sancto</span> <span class='ocrx_word' id='word_1_218' title='bbox 807 2344 968 2395; x_wconf 75' lang='lat' dir='ltr'>Petro,</span> <span class='ocrx_word' id='word_1_219' title='bbox 1003 2344 1145 2386; x_wconf 90' lang='lat' dir='ltr'>docto</span> <span class='ocrx_word' id='word_1_220' title='bbox 1181 2358 1242 2385; x_wconf 82' lang='lat' dir='ltr'>ex</span> <span class='ocrx_word' id='word_1_221' title='bbox 1274 2345 1524 2386; x_wconf 88' lang='lat' dir='ltr'>sanctitate</span> 
     </span>
     <span class='ocr_line' id='line_1_36' title="bbox 151 2413 1521 2470; baseline 0.003 -18"><span class='ocrx_word' id='word_1_222' title='bbox 151 2417 193 2450; x_wconf 80' lang='lat'>30</span> <span class='ocrx_word' id='word_1_223' title='bbox 207 2413 305 2454; x_wconf 89' lang='lat' dir='ltr'>vite</span> <span class='ocrx_word' id='word_1_224' title='bbox 339 2419 387 2454; x_wconf 94' lang='lat' dir='ltr'>et</span> <span class='ocrx_word' id='word_1_225' title='bbox 408 2414 565 2467; x_wconf 88' lang='lat' dir='ltr'>operis</span> <span class='ocrx_word' id='word_1_226' title='bbox 600 2416 729 2468; x_wconf 86' lang='lat' dir='ltr'>quod</span> <span class='ocrx_word' id='word_1_227' title='bbox 764 2415 824 2456; x_wconf 89' lang='lat' dir='ltr'>sit</span> <span class='ocrx_word' id='word_1_228' title='bbox 846 2428 986 2456; x_wconf 86' lang='lat' dir='ltr'>verus</span> <span class='ocrx_word' id='word_1_229' title='bbox 1008 2415 1139 2456; x_wconf 90' lang='lat' dir='ltr'>Petri</span> <span class='ocrx_word' id='word_1_230' title='bbox 1161 2415 1379 2467; x_wconf 77' lang='lat' dir='ltr'>vicarius,</span> <span class='ocrx_word' id='word_1_231' title='bbox 1411 2429 1521 2470; x_wconf 90' lang='lat' dir='ltr'>ymo</span> 
     </span>
     <span class='ocr_line' id='line_1_37' title="bbox 206 2483 1524 2538; baseline 0.002 -15"><span class='ocrx_word' id='word_1_232' title='bbox 206 2483 365 2537; x_wconf 93' lang='lat' dir='ltr'>posito</span> <span class='ocrx_word' id='word_1_233' title='bbox 406 2484 534 2538; x_wconf 90' lang='lat' dir='ltr'>quod</span> <span class='ocrx_word' id='word_1_234' title='bbox 567 2484 628 2524; x_wconf 88' lang='lat' dir='ltr'>sit</span> <span class='ocrx_word' id='word_1_235' title='bbox 670 2485 941 2535; x_wconf 80' lang='lat' dir='ltr'>blasfemus,</span> <span class='ocrx_word' id='word_1_236' title='bbox 981 2485 1131 2526; x_wconf 89' lang='lat' dir='ltr'>adhuc</span> <span class='ocrx_word' id='word_1_237' title='bbox 1163 2485 1351 2526; x_wconf 87' lang='lat' dir='ltr'>videtur</span> <span class='ocrx_word' id='word_1_238' title='bbox 1384 2486 1524 2527; x_wconf 90' lang='lat' dir='ltr'>michi</span> 
     </span>
     <span class='ocr_line' id='line_1_38' title="bbox 208 2553 1519 2611; baseline 0.003 -18"><span class='ocrx_word' id='word_1_239' title='bbox 208 2553 336 2605; x_wconf 90' lang='lat' dir='ltr'>quod</span> <span class='ocrx_word' id='word_1_240' title='bbox 379 2554 587 2607; x_wconf 88' lang='lat' dir='ltr'>populus</span> <span class='ocrx_word' id='word_1_241' title='bbox 633 2554 778 2594; x_wconf 90' lang='lat' dir='ltr'>debet</span> <span class='ocrx_word' id='word_1_242' title='bbox 822 2554 1019 2596; x_wconf 90' lang='lat' dir='ltr'>obedire</span> <span class='ocrx_word' id='word_1_243' title='bbox 1066 2554 1157 2595; x_wconf 88' lang='lat' dir='ltr'>sibi</span> <span class='ocrx_word' id='word_1_244' title='bbox 1208 2555 1480 2609; x_wconf 84' lang='lat' dir='ltr'>dupliciter:</span> <span class='ocrx_word' id='word_1_245' title='bbox 1516 2554 1519 2611; x_wconf 55' lang='grc' dir='ltr'>Ι</span> 
     </span>
    </p>
   </div>
   <div class='ocr_carea' id='block_1_7' title="bbox 204 2725 1517 2807">
    <p class='ocr_par' dir='ltr' id='par_1_7' title="bbox 204 2725 1517 2807">
     <span class='ocr_line' id='line_1_39' title="bbox 277 2725 1517 2762; baseline 0.002 -9"><span class='ocrx_word' id='word_1_246' title='bbox 277 2732 319 2760; x_wconf 86' lang='lat'>17.</span> <span class='ocrx_word' id='word_1_247' title='bbox 342 2725 460 2753; x_wconf 89' lang='lat' dir='ltr'>Codd.:</span> <span class='ocrx_word' id='word_1_248' title='bbox 476 2725 539 2753; x_wconf 84' lang='lat' dir='ltr'>Sed</span> <span class='ocrx_word' id='word_1_249' title='bbox 550 2726 693 2762; x_wconf 75' lang='lat' dir='ltr'>contigit.</span> <span class='ocrx_word' id='word_1_250' title='bbox 709 2726 769 2754; x_wconf 87' lang='lat' dir='ltr'>Hic</span> <span class='ocrx_word' id='word_1_251' title='bbox 782 2727 869 2755; x_wconf 86' lang='lat' dir='ltr'>locus</span> <span class='ocrx_word' id='word_1_252' title='bbox 884 2730 1051 2762; x_wconf 84' lang='lat' dir='ltr'>corruptus</span> <span class='ocrx_word' id='word_1_253' title='bbox 1066 2734 1133 2755; x_wconf 83' lang='lat' dir='ltr'>esse</span> <span class='ocrx_word' id='word_1_254' title='bbox 1146 2727 1279 2755; x_wconf 83' lang='lat' dir='ltr'>videtur.</span> <span class='ocrx_word' id='word_1_255' title='bbox 1353 2727 1403 2756; x_wconf 87' lang='lat'>32.</span> <span class='ocrx_word' id='word_1_256' title='bbox 1419 2727 1517 2756; x_wconf 85' lang='lat' dir='ltr'>Codd.</span> 
     </span>
     <span class='ocr_line' id='line_1_40' title="bbox 204 2771 641 2807; baseline 0.002 -9"><span class='ocrx_word' id='word_1_257' title='bbox 204 2771 236 2799; x_wconf 89' lang='lat' dir='ltr'>in</span> <span class='ocrx_word' id='word_1_258' title='bbox 257 2779 375 2806; x_wconf 61' lang='lat' dir='ltr'>marg:</span> <span class='ocrx_word' id='word_1_259' title='bbox 398 2771 532 2800; x_wconf 81' lang='lat' dir='ltr'>Obedire</span> <span class='ocrx_word' id='word_1_260' title='bbox 547 2780 641 2807; x_wconf 79' lang='lat' dir='ltr'>pape.</span> 
     </span>
    </p>
   </div>
   <div class='ocr_carea' id='block_1_8' title="bbox 209 2856 1521 3007">
    <p class='ocr_par' dir='ltr' id='par_1_8' title="bbox 209 2856 1521 3007">
     <span class='ocr_line' id='line_1_41' title="bbox 274 2856 1521 2902; baseline 0.001 -12"><span class='ocrx_word' id='word_1_261' title='bbox 274 2866 306 2898; x_wconf 87' lang='lat'>7.</span> <span class='ocrx_word' id='word_1_262' title='bbox 325 2856 397 2888; x_wconf 81' lang='lat' dir='ltr'>Rex</span> <span class='ocrx_word' id='word_1_263' title='bbox 415 2856 609 2889; x_wconf 86' lang='lat' dir='ltr'>Richardus</span> <span class='ocrx_word' id='word_1_264' title='bbox 629 2863 750 2900; x_wconf 86' lang='lat' dir='ltr'>captus</span> <span class='ocrx_word' id='word_1_265' title='bbox 768 2867 787 2889; x_wconf 86' lang='lat' dir='ltr'>a</span> <span class='ocrx_word' id='word_1_266' title='bbox 805 2859 894 2890; x_wconf 84' lang='lat' dir='ltr'>duce</span> <span class='ocrx_word' id='word_1_267' title='bbox 907 2858 1067 2891; x_wconf 84' lang='lat' dir='ltr'>Austriae</span> <span class='ocrx_word' id='word_1_268' title='bbox 1086 2864 1119 2891; x_wconf 89' lang='lat' dir='ltr'>et</span> <span class='ocrx_word' id='word_1_269' title='bbox 1135 2859 1297 2892; x_wconf 83' lang='lat' dir='ltr'>venditus</span> <span class='ocrx_word' id='word_1_270' title='bbox 1315 2859 1521 2902; x_wconf 88' lang='lat' dir='ltr'>imperatori</span> 
     </span>
     <span class='ocr_line' id='line_1_42' title="bbox 209 2914 1372 2960; baseline 0.003 -16"><span class='ocrx_word' id='word_1_271' title='bbox 209 2914 362 2945; x_wconf 86' lang='lat' dir='ltr'>Henrico</span> <span class='ocrx_word' id='word_1_272' title='bbox 388 2924 419 2947; x_wconf 87' lang='lat' dir='ltr'>v.</span> <span class='ocrx_word' id='word_1_273' title='bbox 449 2915 532 2946; x_wconf 86' lang='lat' dir='ltr'>Flor</span> <span class='ocrx_word' id='word_1_274' title='bbox 557 2915 644 2949; x_wconf 81' lang='lat' dir='ltr'>Hist.</span> <span class='ocrx_word' id='word_1_275' title='bbox 670 2915 693 2956; x_wconf 84' lang='grc' dir='ltr'>Ι,</span> <span class='ocrx_word' id='word_1_276' title='bbox 724 2924 799 2960; x_wconf 81' lang='lat'>107,</span> <span class='ocrx_word' id='word_1_277' title='bbox 828 2924 893 2954; x_wconf 83' lang='lat'>114</span> <span class='ocrx_word' id='word_1_278' title='bbox 919 2926 937 2947; x_wconf 80' lang='lat' dir='ltr'>e</span> <span class='ocrx_word' id='word_1_279' title='bbox 962 2915 1082 2950; x_wconf 88' lang='lat' dir='ltr'>Matth.</span> <span class='ocrx_word' id='word_1_280' title='bbox 1107 2916 1203 2948; x_wconf 85' lang='lat' dir='ltr'>Paris</span> <span class='ocrx_word' id='word_1_281' title='bbox 1230 2917 1266 2958; x_wconf 87' lang='lat' dir='ltr'>II,</span> <span class='ocrx_word' id='word_1_282' title='bbox 1295 2918 1372 2960; x_wconf 82' lang='lat'>394.</span> 
     </span>
     <span class='ocr_line' id='line_1_43' title="bbox 1317 2972 1378 3007; baseline 0.016 -1"><span class='ocrx_word' id='word_1_283' title='bbox 1317 2972 1378 3007; x_wconf 81' lang='lat'>15*</span> 
     </span>
    </p>
   </div>
   <div class='ocr_carea' id='block_1_9' title="bbox 1578 1832 1790 1938">
    <p class='ocr_par' dir='ltr' id='par_1_9' title="bbox 1578 1832 1790 1938">
     <span class='ocr_line' id='line_1_44' title="bbox 1597 1832 1766 1867; baseline 0 -8"><span class='ocrx_word' id='word_1_284' title='bbox 1597 1832 1647 1859; x_wconf 83' lang='lat' dir='ltr'>the</span> <span class='ocrx_word' id='word_1_285' title='bbox 1668 1839 1766 1867; x_wconf 83' lang='lat' dir='ltr'>popes</span> 
     </span>
     <span class='ocr_line' id='line_1_45' title="bbox 1579 1866 1790 1902; baseline 0 -8"><span class='ocrx_word' id='word_1_286' title='bbox 1579 1866 1610 1894; x_wconf 87' lang='lat' dir='ltr'>in</span> <span class='ocrx_word' id='word_1_287' title='bbox 1631 1867 1790 1902; x_wconf 79' lang='lat' dir='ltr'>weakenig</span> 
     </span>
     <span class='ocr_line' id='line_1_46' title="bbox 1578 1902 1784 1938; baseline 0.005 -9"><span class='ocrx_word' id='word_1_288' title='bbox 1578 1902 1628 1930; x_wconf 75' lang='lat' dir='ltr'>the</span> <span class='ocrx_word' id='word_1_289' title='bbox 1646 1902 1784 1938; x_wconf 85' lang='lat' dir='ltr'>Empire.</span> 
     </span>
    </p>
   </div>
   <div class='ocr_carea' id='block_1_10' title="bbox 1564 2426 1781 2533">
    <p class='ocr_par' dir='ltr' id='par_1_10' title="bbox 1564 2426 1781 2533">
     <span class='ocr_line' id='line_1_47' title="bbox 1597 2426 1761 2455; baseline 0.012 -2"><span class='ocrx_word' id='word_1_290' title='bbox 1597 2426 1706 2455; x_wconf 88' lang='lat' dir='ltr'>Limits</span> <span class='ocrx_word' id='word_1_291' title='bbox 1726 2427 1761 2455; x_wconf 89' lang='lat' dir='ltr'>of</span> 
     </span>
     <span class='ocr_line' id='line_1_48' title="bbox 1564 2461 1781 2490; baseline 0.014 -3"><span class='ocrx_word' id='word_1_292' title='bbox 1564 2461 1731 2490; x_wconf 84' lang='lat' dir='ltr'>obedience</span> <span class='ocrx_word' id='word_1_293' title='bbox 1751 2466 1781 2490; x_wconf 90' lang='lat' dir='ltr'>to</span> 
     </span>
     <span class='ocr_line' id='line_1_49' title="bbox 1590 2497 1754 2533; baseline 0.018 -10"><span class='ocrx_word' id='word_1_294' title='bbox 1590 2497 1641 2524; x_wconf 86' lang='lat' dir='ltr'>the</span> <span class='ocrx_word' id='word_1_295' title='bbox 1660 2497 1754 2533; x_wconf 87' lang='lat' dir='ltr'>Pope.</span> 
     </span>
    </p>
   </div>
  </div>
 </body>
</html>
