2078 3338
171 266 260 295 CAP.
286 255 370 313 ΧΠ]
569 268 626 299 DE
653 266 934 299 POTESTATE
960 266 1089 298 PAPE.
1694 266 1769 305 331

170 372 283 414 dicit
329 377 518 413 sanctus
559 371 664 422 iste,
712 372 840 424 quod
881 372 1013 411 homo
1057 371 1211 412 malus
1254 374 1315 410 est
1352 371 1776 442 peioersgetvhifmthe

168 444 369 495 dyabolo,
402 454 516 495 ymo
561 442 739 482 malum
776 442 1048 494 pessimum,
1091 441 1180 481 hoc
1225 446 1298 482 est
1339 441 1485 491 habet
1682 434 1688 441 '

167 512 405 553 racionem
428 511 820 565 supereminentis
842 511 1024 552 malicie
1048 525 1194 566 super
1216 511 1484 565 dyabolum,

168 596 313 636 super
343 581 468 622 feras
503 586 548 621 et
572 580 828 634 quamlibet
859 580 994 621 aliam
1018 587 1276 622 creaturam
1307 581 1483 621 malam.

136 652 406 705 5Dyab0lus‚
451 651 617 704 inquit,
653 651 858 704 fugatur
900 664 950 692 ex
991 652 1174 692 iusticia
1210 651 1409 692 hominis
1448 654 1487 691 et

166 723 340 774 virtute,
371 723 503 762 homo
525 725 678 762 autem
694 734 941 774 perversus
962 722 1191 762 crudelius
1217 722 1354 761 talem
1385 733 1485 773 per-

166 792 390 844 sequitur‚·
426 792 644 844 dyabolus
680 803 769 831 uon
807 795 996 844 superat
1025 792 1254 832 hominem
1285 791 1377 831 nisi
1399 802 1488 844 per

166 862 409 913 hominem,
441 860 745 902 Antichristus
767 865 919 902 autem
950 864 1136 914 supera-t
1155 861 1384 901 hominem
1401 872 1487 913 per

166 944 214 972 se
242 931 410 984 ipsum.
464 930 580 971 Ideo
613 930 694 973 ubi
730 943 826 970 non
858 931 986 972 valet
1016 930 1245 971 Meander
1278 929 1484 983 dyaboli,

114 1000 270 1054 10ipse
304 1000 496 1053 supplet
530 1000 893 1053 temptacionem
924 1013 1012 1053 per
1041 999 1293 1049 hominem,
1339 1012 1363 1039 a
1391 1012 1484 1052 quo

166 1083 262 1110 non
305 1070 506 1123 prodest
548 1069 849 1123 benedicere,
895 1083 986 1124 qua
1019 1075 1120 1110 arte
1151 1069 1343 1124 fugatur
1374 1070 1484 1123 dya-

165 1140 318 1180 bolus.
351 1137 403 1180 Si
432 1138 579 1192 igitur
609 1140 748 1180 homo
781 1153 869 1193 per
892 1153 1113 1180 censuras
1138 1138 1484 1179 ecclesiasticas

165 1208 319 1250 illudit
360 1210 541 1262 populo
586 1208 785 1249 veniens
827 1209 875 1249 in
918 1209 1107 1250 nomine
1148 1208 1334 1262 Christi,
1380 1208 1484 1262 quis

168 1284 242 1320 est
279 1278 447 1332 pocior
477 1279 827 1320 Antichristus?
858 1279 1028 1320 Tercio
1060 1278 1405 1320 Lincolniensis
1437 1278 1485 1319 in

113 1352 149 1385 15
166 1361 381 1389 sermone
425 1349 483 1389 ad
526 1362 696 1402 papam
743 1349 952 1389 declarat
996 1350 1137 1402 quod,
1189 1348 1311 1389 sicut
1362 1362 1484 1402 opus

168 1417 508 1459 divinissimum
539 1418 729 1459 viatoris
775 1424 848 1459 est
880 1418 1135 1460 assimilare
1167 1418 1274 1459 Deo
1309 1419 1482 1460 animas

164 1493 361 1541 peccato
394 1489 451 1528 ab
486 1501 542 1528 eo
572 1489 742 1542 lapsas,
775 1488 843 1529 sic
876 1501 997 1542 opus
1022 1502 1249 1529 summum
1272 1489 1482 1540 sathane⁷

164 1557 447 1599 Antichristi
490 1563 632 1611 atque
675 1557 873 1599 heretici
924 1564 996 1599 est
1025 1558 1134 1599 huic
1185 1558 1272 1599 arti
1324 1558 1483 1599 divine

167 1627 413 1678 contrarie,
460 1628 588 1681 quod
631 1628 809 1669 faciunt
850 1628 1154 1682 presidentes
1197 1628 1305 1669 huic
1344 1628 1481 1669 curie.

108 1718 149 1738 20
166 1697 216 1739 Si
245 1697 515 1751 precipiunt
537 1697 711 1751 aliquid
732 1698 962 1739 mandatis
986 1698 1159 1739 Christi
1182 1698 1481 1749 contrarium,

165 1768 204 1808 si
224 1772 425 1821 propter
445 1768 625 1808 lucrum
655 1767 872 1808 ordinant
900 1767 1075 1822 aliquid
1098 1769 1228 1822 quod
1257 1768 1484 1809 distrahat

162 1837 370 1891 pastoris
404 1837 631 1888 officium,
676 1843 755 1878 aut
787 1838 827 1878 si
857 1843 1146 1891 potestatem
1182 1838 1320 1879 huius
1354 1838 1482 1878 curie

163 1907 475 1960 suspendunt,
498 1907 747 1948 debilitant
767 1908 845 1948 vel
866 1908 1127 1954 retardant;
1161 1913 1287 1959 tunc,
1317 1907 1482 1961 inquit,

161 1976 209 2017 in
240 1976 390 2017 ianuis
423 1982 498 2017 est
527 1977 765 2018 revelacio
786 1977 869 2018 filii
889 1977 1189 2031 perdicioniS.
1222 1976 1273 2018 Si
1293 1977 1482 2031 inquam

105 2057 144 2087 25
162 2060 287 2100 papa
318 2046 409 2087 ista
440 2046 654 2100 perficiat
686 2052 734 2087 et
754 2047 801 2087 in
825 2047 893 2088 eis
917 2052 1190 2088 constanter
1213 2053 1262 2088 et
1281 2047 1483 2089 finaliter

37 2123 117 2165 243‘1
160 2122 450 2170 perseverat,
501 2116 606 2170 ipse
641 2122 713 2157 est
762 2116 956 2157 indubie
989 2115 994 2173 Ι
1023 2117 1365 2168 Antichristu53
1417 2124 1481 2169 ut,

162 2186 285 2227 sicut
306 2186 631 2227 sacerdotibus
659 2186 782 2240 legis
805 2187 982 2228 veteris
1011 2188 1244 2228 successit
1267 2186 1480 2228 Christus

163 2256 529 2309 superaddendo
574 2255 1022 2309 interpretacionem
1065 2257 1347 2298 laudabilem
1383 2257 1482 2311 legi

162 2338 260 2379 sue,
293 2325 361 2366 sic
395 2325 636 2379 episcopis
666 2326 869 2368 cesareis
897 2328 1126 2368 succedet
1146 2327 1481 2380 Antichristus,

107 2405 149 2437 30
163 2395 527 2448 superaddendo
588 2396 978 2436 obscuracionem
1041 2396 1324 2450 culpabilem
1385 2397 1482 2450 legi

165 2463 348 2506 Christi.
400 2465 462 2506 Et
504 2465 760 2519 utrobique
812 2465 1080 2507 servabitur
1129 2466 1256 2507 idem
1305 2480 1479 2522 genus;

234 2668 254 2688 1.
278 2659 378 2688 Codd.
398 2660 428 2687 in
450 2668 565 2696 marg.:
586 2661 796 2689 Antichristus
815 2661 914 2689 omnis
936 2662 1034 2689 malus
1053 2662 1254 2689 christianus.
1328 2670 1354 2690 2.
1378 2661 1478 2690 Codd.

161 2707 192 2735 in
214 2715 331 2743 marg:
359 2706 462 2735 Homo
489 2707 585 2735 malus
611 2711 658 2735 est
677 2708 770 2743 peior
795 2708 935 2743 dyabolo.
1012 2717 1056 2737 12.
1080 2708 1178 2737 Codd.
1200 2709 1231 2737 in
1253 2718 1368 2745 marg:
1393 2709 1479 2737 Anti-

162 2753 294 2782 christus
313 2754 466 2789 quomodo
486 2757 638 2789 operatur
656 2755 687 2782 in
708 2755 807 2782 malis.
883 2763 925 2790 17.
948 2755 985 2783 B:
1006 2756 1093 2783 sicut.

236 2845 288 2878 14.
316 2838 460 2870 Videtur
496 2848 572 2870 esse
610 2838 752 2870 Roberti
793 2839 1011 2871 Grosseteste
1052 2840 1115 2881 Ep.
1155 2840 1199 2871 ad
1237 2840 1476 2872 Innocentium

162 2905 289 2938 papam
316 2896 384 2936 IV.⁷
410 2896 475 2930 No.
502 2897 681 2939 CXXVIII,
708 2907 739 2938 p.
765 2898 845 2937 432.
