2078 3338
256 275 339 312 206

328 742 411 770 Necd
433 743 464 769 ol

321 777 471 813 humility.

987 282 1215 314 JOHANNIS
1242 282 1426 314 WYCLIF
1669 271 1774 322 [CAP.
1802 278 1852 306 IX.

541 389 712 441 ginalis
731 390 949 430 sanctitas
969 401 1104 440 quam
1126 388 1355 440 pudicicia
1387 388 1643 440 coniugata,
1679 387 1759 428 sed
1783 390 1852 427 at-

544 460 672 500 tende
704 460 965 511 superbiam
1005 462 1044 499 et
1085 459 1399 509 humilitatem,
1449 459 1667 511 iimgeque
1711 458 1853 509 virgi-

545 530 678 568 nitati
721 532 792 569 tite
833 529 1136 569 humilitatem
1180 531 1218 568 et
1260 529 1350 568 eris
1391 530 1540 568 matre
1572 530 1651 567 tzta
1682 526 1856 576 melior,

545 600 663 650 quod
692 600 734 639 si
764 602 810 639 ill
840 599 969 650 virgo
1002 599 1224 639 admittas
1253 598 1516 649 superbiam
1549 600 1587 637 et
1612 599 1759 636 mater
1779 599 1857 636 tua

545 674 689 710 servet
709 669 1024 719 humilitatem,
1046 669 1149 720 ipsa
1171 672 1233 709 est
1254 669 1383 720 longe
1408 667 1571 707 melior
1591 670 1629 707 te
1650 666 1855 717 superba.
1875 678 1890 709 5

546 739 664 779 Nam
697 739 818 779 sicut
848 740 1024 779 bonum
1044 740 1170 779 bono
1195 737 1462 778 adiunctum
1489 735 1601 776 facit
1623 735 1857 789 integrum

547 809 693 863 magis
724 811 915 859 bonum,
949 809 1015 849 sic
1047 809 1138 848 hoc
1171 808 1338 848 malum
1370 807 1483 848 facit
1513 812 1662 847 totum
1690 806 1858 845 malum

548 880 649 920 sive
692 881 819 920 bono
866 879 1134 919 adiunctum
1178 878 1319 918 fuerit
1363 878 1463 918 sive
1508 878 1649 927 malo;
1702 875 1858 929 privat

549 949 668 989 enirn
701 955 748 990 te
779 949 969 990 racione
997 949 1193 989 membri
1214 948 1396 988 humilis
1422 947 1600 1001 capitis,
1635 946 1762 999 quod
1786 950 1860 986 est

550 1019 776 1070 Christus,
822 1021 951 1073 quod
994 1020 1033 1060 si
1079 1026 1163 1069 est,
1208 1025 1260 1059 ut
1291 1024 1422 1072 patet
1452 1018 1499 1058 in
1530 1017 1740 1066 lucifero,
1780 1015 1916 1069 quim

550 1094 622 1129 est
644 1089 808 1129 melior
830 1095 877 1129 te
899 1095 1075 1139 natura⁷
1107 1089 1188 1129 ubi
1211 1095 1283 1129 est
1304 1093 1518 1142 potestas
1541 1088 1618 1127 vel
1641 1086 1858 1139 dignitas,

550 1159 607 1198 de
623 1172 714 1211 qua
734 1161 959 1212 pompas?
993 1159 1159 1208 Nichss,
1181 1159 1381 1212 inquam,
1408 1157 1533 1198 foret
1556 1158 1680 1197 clero
1704 1155 1859 1196 utilius

550 1233 597 1268 et
629 1228 898 1281 specialiter
930 1228 1101 1269 Christi
1131 1228 1306 1269 vicario
1341 1241 1477 1281 quam
1513 1225 1686 1267 sentire
1718 1224 1859 1265 humi-

548 1297 657 1338 liter
673 1298 731 1337 de
755 1298 930 1351 seipso,
948 1299 1074 1351 quod
1093 1297 1388 1351 Augustinus
1406 1297 1613 1337 declarat
1628 1295 1861 1336 subtiliter

552 1373 598 1407 et
643 1368 831 1417 devote,
877 1368 1038 1408 dicens
1089 1369 1217 1422 quod
1261 1380 1412 1421 genus
1459 1367 1707 1406 humanum
1750 1370 1916 1418 post15

549 1438 734 1490 lapsum
778 1438 964 1479 omnino
1015 1437 1216 1492 indiguit
1268 1436 1432 1477 celesti
1483 1435 1682 1484 medico,
1735 1434 1862 1487 quod

552 1506 659 1560 quia
696 1521 791 1547 non
831 1507 1016 1548 suffecit
1048 1508 1108 1547 ad
1139 1507 1294 1560 ipsum
1327 1506 1597 1556 ascendere,
1634 1505 1766 1544 Deus
1799 1503 1861 1543 in-

553 1576 800 1618 effabiliter
823 1577 1070 1618 descendit
1092 1578 1149 1617 ad
1170 1577 1337 1630 ipsum,
1371 1576 1548 1616 docens
1568 1574 1679 1624 vita,
1715 1587 1863 1627 opere

552 1652 600 1688 et
643 1660 874 1697 sermone,
920 1647 1156 1700 quomodo
1203 1651 1395 1699 oportet
1431 1658 1581 1699 genus
1613 1644 1862 1683 humanum

552 1717 590 1757 si
634 1717 873 1757 sanabitur
915 1716 1176 1757 humilitate
1223 1715 1452 1757 contraria
1485 1714 1489 1769 1
1518 1714 1594 1754 vie
1640 1712 1863 1766 superbie
1904 1726 1983 1755 212‘

552 1800 641 1839 qua
680 1787 798 1827 adeo
836 1792 1104 1827 recesserat
1141 1799 1300 1826 sanum
1337 1785 1493 1825 redire
1526 1784 1583 1825 ad
1617 1783 1865 1824 dominum.

551 1856 611 1895 Et
647 1856 736 1896 hec
773 1856 913 1907 racio,
952 1869 1093 1909 quare
1129 1855 1340 1896 Christus
1374 1853 1581 1895 servavit
1611 1853 1657 1893 in
1689 1852 1786 1893 vita
1818 1863 1866 1892 et

553 1925 765 1966 doctrina
781 1939 1004 1966 summam
1019 1925 1293 1979 pauperiem
1317 1930 1365 1965 et
1382 1923 1704 1968 humilitatem
1730 1921 1864 1961 Anti-

554 1995 754 2035 christus
780 2000 932 2036 autem
966 1995 1120 2049 querit
1150 1995 1424 2035 mundanam
1459 1992 1656 2047 gloriam
1679 1991 1864 2032 Christo

554 2064 802 2114 contrarie,
847 2070 898 2105 ut
942 2064 1110 2105 dicitur
1140 2065 1242 2115 Joh.
1267 2063 1330 2112 V;
1378 2068 1424 2103 et
1459 2062 1569 2103 ideo
1600 2062 1713 2101 licet
1743 2074 1867 2114 papa
1882 2072 1922 2103 25

553 2133 620 2173 sic
643 2133 810 2174 fecerit
832 2135 899 2185 (ut
923 2134 1035 2174 dicit
1058 2132 1370 2186 Augustinus)
1398 2146 1493 2172 non
1522 2137 1594 2171 est
1617 2132 1673 2171 de
1697 2129 1866 2171 Christi

555 2203 766 2253 eeclesia,
812 2203 918 2256 quia
961 2203 1000 2243 si
1043 2203 1104 2243 sit
1134 2215 1276 2242 verus
1320 2215 1445 2255 papa
1489 2206 1562 2241 est
1603 2201 1742 2240 homo
1786 2200 1864 2238 hu-

553 2272 781 2323 millimus,
833 2273 1088 2313 mundanos
1138 2273 1343 2312 honores
1397 2276 1443 2310 et
1492 2271 1670 2310 lucrum
1721 2268 1867 2309 seculi

553 2342 920 2396 parvipendens.
951 2342 1013 2382 Et
1044 2342 1111 2382 sic
1135 2341 1346 2382 Christus
1381 2345 1454 2381 est
1483 2339 1746 2380 humanitus
1779 2338 1866 2388 via,

552 2426 638 2465 per
683 2426 818 2465 quam
852 2418 1043 2466 oportet
1094 2425 1279 2452 omnem
1313 2410 1584 2451 salvandum
1632 2409 1866 2457 incedere,
1884 2420 1924 2452 30

555 2496 647 2535 que
685 2482 761 2522 via
801 2496 903 2522 cum
943 2482 1003 2523 sit
1041 2487 1138 2522 arta
1175 2479 1467 2534 impossibile
1507 2484 1580 2520 est
1611 2483 1867 2519 tumentem

554 2552 778 2605 superbia
820 2566 908 2605 per
950 2552 1076 2592 illam
1115 2550 1326 2591 semitam
1363 2554 1629 2603 penetrare.
1681 2546 1778 2589 Sed
1809 2547 1867 2587 de

556 2627 731 2675 quanto
777 2621 967 2662 collisus
1010 2626 1164 2662 stante
1209 2620 1289 2660 illo
1333 2625 1518 2660 tumore
1555 2619 1663 2671 plus
1694 2616 1760 2657 illi
1790 2615 1866 2656 vie

553 2691 814 2732 facietenus
860 2691 1085 2741 innititur,
1131 2690 1190 2730 de
1222 2695 1353 2730 tanto
1389 2687 1728 2741 comportando
1761 2699 1865 2739 pro-

626 2882 670 2902 12.
691 2874 728 2902 B:
744 2869 886 2910 pompo's.
960 2872 1006 2901 23.
1029 2872 1146 2901 Codd.:
1173 2872 1204 2900 in
1225 2880 1321 2907 marg.
1351 2870 1555 2899 Antichristus
1579 2871 1646 2906 quis
1665 2878 1718 2898 est.
1749 2869 1802 2898 Via
1821 2871 1864 2897 est

558 2920 708 2949 Christus.
