2078 3338
269 298 322 335 90
990 297 1214 328 jOHANle
1242 296 1426 327 WYCL1F
1699 283 1805 339 [CAP.
1830 293 1869 321 v.

320 407 490 470 ᾅζῖιῗὲειὲηδι
558 400 871 441 successionis
905 400 1074 441 Christi
1108 405 1155 440 et
1185 400 1509 452 apostolorum
1542 400 1621 452 qui
1649 400 1872 440 dominati

303 477 472 546 Πρξξῑῖἑιέἑῖ
477 518 508 541 ut
558 474 666 510 sunt
697 469 971 510 seculariter
1004 469 1220 509 omnibus
1251 468 1412 508 mundi
1440 468 1623 510 diviciis
1644 469 1871 510 habemus

331 555 385 574 use
405 547 427 574 it
446 556 479 575 as
555 539 643 579 hec
666 539 831 588 omnia,
856 545 903 579 et
925 539 1134 580 secundo
1159 538 1474 579 consumimus
1501 538 1579 578 illa
1601 538 1872 579 differenter

326 582 482 653 gisc‘issle‘lissr.
556 607 826 649 seculariter
872 612 920 648 et
961 607 1288 661 proprietarie,
1334 611 1382 647 et
1413 607 1559 647 tercio
1600 606 1871 647 dimittimus

555 677 632 716 vel
663 676 941 717 remittimus
975 676 1147 716 exinde
1180 676 1389 717 debitum
1411 674 1615 716 officium
1645 675 1903 728 clericale,5

554 745 851 787 manifestum
895 751 968 787 est
999 746 1127 800 quod
1156 745 1435 798 irreligiose,
1478 745 1650 786 iniuste
1683 750 1731 785 et
1761 758 1870 798 pro-

555 814 725 855 ditorie
760 815 1075 856 consumimus
1105 816 1233 855 bona
1262 814 1379 860 Dei3
1424 819 1471 854 et
1500 814 1591 854 hoc
1624 819 1775 854 totum
1806 814 1871 854 in-

553 889 768 936 portaret
816 884 863 924 in
917 884 1087 925 clerico
1144 888 1444 925 monstruosa
1501 883 1712 924 civilitas.
1774 882 1871 924 Sed

555 952 795 994 dubitatur
841 953 1092 1007 supposito
1137 967 1226 994 usu
1267 952 1494 1005 legitimo,
1547 952 1650 1005 quis
1701 952 1869 993 modus

553 1022 746 1062 vivendi
766 1022 886 1062 foret
916 1022 1204 1076 perfeccior;
1228 1035 1316 1062 nec
1345 1021 1537 1063 dubium
1570 1021 1681 1075 quin
1701 1021 1870 1062 modus
1890 1039 1928 1060 10

554 1092 745 1132 vivendi
789 1092 975 1146 parcior
1008 1097 1056 1132 et
1088 1091 1507 1145 exproprietarius,
1552 1091 1659 1145 quia
1697 1096 1770 1132 est
1801 1105 1868 1132 se-

555 1161 709 1201 curior
742 1166 789 1201 et
819 1162 917 1202 vite
952 1161 1123 1203 Christi
1154 1174 1207 1201 ac
1239 1161 1519 1201 innocencie
1550 1161 1737 1214 utrique
1762 1174 1868 1201 con-

315 1240 438 1281 Dapger
458 1245 488 1269 ot
554 1230 757 1272 formior.
803 1230 900 1270 Vix
934 1229 1057 1271 enini
1087 1230 1303 1284 reperies
1339 1229 1500 1270 mundi
1534 1229 1725 1270 divitem
1758 1230 1869 1283 quin

345 1279 453 1305 mehe&
552 1301 629 1340 vel
651 1300 785 1342 nimis
807 1300 1036 1341 afficiatur
1059 1306 1107 1341 et
1129 1305 1392 1353 occupetur
1406 1299 1529 1340 circa
1552 1299 1651 1340 eius
1674 1299 1868 1341 divicias

551 1370 628 1409 vel
660 1369 817 1423 inique
848 1370 977 1423 ipsas
1010 1370 1259 1411 distribuat
1286 1369 1365 1409 vel
1397 1368 1545 1408 tercio
1579 1369 1867 1422 voluptuose
1889 1377 1923 1408 15

552 1445 690 1492 atque
723 1439 958 1492 superflue
989 1440 1120 1492 ipsas
1154 1444 1411 1490 consumat,
1445 1440 1493 1478 in
1525 1443 1705 1478 tantum
1738 1438 1867 1491 quod

551 1509 608 1547 de
643 1508 789 1549 divite
817 1508 822 1563 f
852 1509 1087 1549 evadente
1118 1508 1208 1549 ista
1239 1507 1448 1561 pericula
1479 1507 1699 1548 scribitur
1724 1507 1867 1549 Eccli.
1916 1514 1994 1549 183h

549 1578 740 1630 XXXI,
775 1592 818 1630 9:
858 1578 969 1631 Quis
1000 1582 1062 1619 est
1091 1579 1160 1619 hic
1192 1582 1230 1619 et
1260 1578 1555 1619 laudabimus
1586 1579 1722 1619 eum?
1753 1577 1867 1630 fecit

549 1648 670 1687 enim
715 1649 955 1689 mirabilia
996 1649 1045 1689 in
1089 1649 1181 1689 vita
1221 1660 1321 1688 sua,
1372 1647 1435 1687 Et
1475 1647 1565 1687 hec
1609 1646 1696 1687 fuit
1738 1646 1864 1687 racio

549 1729 691 1769 quare
724 1716 962 1770 sapiencia
983 1717 1076 1757 Dei
1102 1716 1249 1770 patris
1282 1717 1345 1756 ob
1379 1729 1583 1756 amorem
1615 1715 1766 1756 nostri
1798 1716 1865 1756 sic
1882 1734 1923 1755 20

548 1785 668 1826 vixit
706 1786 1084 1840 exproprietarie
1127 1792 1174 1827 et
1212 1785 1375 1826 docuit
1406 1798 1518 1826 suos
1558 1785 1765 1826 cariores
1798 1785 1865 1826 sic

548 1854 721 1897 vivere.
744 1855 819 1895 Ex
842 1869 933 1909 quo
955 1855 1291 1896 invincibiliter
1313 1854 1549 1908 colligitur
1564 1856 1692 1908 quod
1714 1861 1864 1896 status

549 1924 883 1978 cuiuscumque
930 1925 1042 1966 cleri
1085 1926 1162 1966 vel
1208 1925 1424 1979 episcopi
1467 1924 1592 1966 foret
1629 1925 1865 1966 subducta

549 1995 943 2048 appropriacione
982 1995 1187 2036 dotantis
1218 1994 1498 2049 perfeccior,
1557 1994 1671 2035 licet
1722 1994 1863 2048 aliqui

548 2063 697 2104 sancti
742 2063 789 2103 in
832 2066 923 2104 hoc
969 2065 1174 2105 evadant
1205 2064 1482 2118 periculum,
1527 2063 1634 2117 quia
1670 2063 1863 2104 indubie
1880 2072 1920 2103 25

547 2131 759 2185 predicta
790 2132 965 2186 triplex
999 2134 1257 2186 occupacio
1289 2133 1618 2186 temporalium
1649 2133 1775 2173 foret
1806 2133 1865 2173 ad

549 2214 667 2241 onus
691 2201 1027 2256 cuiuscumque
1051 2202 1211 2243 clerici
1232 2203 1311 2256 qui
1338 2202 1608 2243 intenderet
1628 2202 1863 2256 perficere

549 2270 755 2311 officium
789 2271 1018 2325 clericale,
1052 2286 1156 2312 nam
1188 2272 1438 2313 multitudo
1470 2271 1642 2312 familie
1667 2278 1714 2313 et
1734 2285 1861 2312 mun-

548 2340 654 2380 dani
684 2340 877 2381 honoris
909 2341 1044 2381 nimis
1071 2341 1396 2383 distraherent.
1428 2341 1722 2382 Distribucio
1744 2354 1861 2381 vero

549 2410 808 2463 corporalis
867 2411 1123 2451 elemosine
1181 2411 1390 2464 pertinet
1445 2412 1505 2451 ad
1555 2410 1862 2452 ministerium
1878 2418 1921 2450 30

546 2479 742 2531 layca1e‚
790 2479 962 2520 clerico
1005 2480 1190 2521 intento
1223 2480 1282 2520 ad
1315 2480 1691 2521 distribuendum
1723 2480 1860 2533 spiri-

547 2549 695 2588 tuales
729 2549 1008 2590 elemosinas
1039 2550 1274 2603 pociores.
1326 2550 1387 2590 Et
1418 2549 1485 2590 sic
1519 2563 1580 2590 ex
1612 2549 1862 2590 dotacione

548 2622 834 2670 sparguntur
863 2618 910 2658 in
934 2618 1060 2658 clero
1084 2619 1279 2669 macule,
1311 2632 1403 2672 que
1430 2619 1552 2659 ultra
1572 2618 1860 2668 varietatem,

547 2700 683 2738 quam
717 2686 928 2728 Christus
959 2688 1174 2737 instituit,
1213 2701 1307 2728 non
1338 2688 1636 2741 pulcrificant
1666 2693 1861 2729 matrem

616 2868 643 2895 8.
665 2870 692 2895 A
713 2869 742 2896 in
764 2878 877 2904 marg:
906 2870 987 2897 Nota
1014 2870 1097 2904 quod
1117 2870 1296 2906 perfeccior
1320 2871 1428 2899 modus
1454 2874 1498 2898 est
1523 2871 1627 2898 vivere
1644 2872 1729 2900 clero
1749 2879 1860 2906 expro-

545 2915 704 2947 przetarfe,
726 2916 759 2942 id
778 2919 831 2949 est,
853 2917 931 2943 m'lzil
948 2917 1056 2945 lzorum
1076 2918 1135 2944 sibi
1152 2918 1390 2953 appropriando
1410 2918 1457 2945 vel
1474 2918 1609 2945 ecclesie.
