2078 3338
204 297 294 324 CAP.
316 288 400 340 VII.]
601 299 660 330 DE
687 298 967 330 POTESTATE
993 299 1124 332 PAPE.

203 404 408 446 cionem?
438 403 564 444 Andi
584 404 758 456 ipsnm:
779 415 869 443 non
892 403 1191 456 dominantes,
1215 403 1292 452 ait,
1319 403 1366 442 in
1388 404 1519 456 clero,

201 475 281 515 sed
298 473 467 526 forma
486 473 607 525 facti
632 474 801 526 gregis.
833 472 889 513 Et
916 485 970 514 ne
1001 473 1172 513 dictnm
1203 473 1302 513 sola
1331 473 1519 513 hnmili-

200 547 289 584 tate
326 547 459 597 putes
495 556 584 584 non
616 545 762 584 eciam
793 544 993 596 veritate,
1039 555 1121 583 vox
1152 542 1340 583 Domini
1377 545 1439 582 est
1474 542 1522 581 in

201 615 454 666 evangelio:
501 614 645 666 Reges
676 615 889 667 gencium
922 614 1222 653 dominantur
1256 625 1414 652 eornm
1447 615 1521 652 etc.

169 682 255 723 §Et
282 683 441 735 infert:
472 697 550 724 vos
581 687 733 724 antem
754 696 843 724 non
865 684 942 724 sic.
975 682 1176 723 Plannm
1199 686 1273 734 est,
1306 681 1523 734 apostolis

201 751 488 793 interdicitur
519 754 794 794 dominatus.
839 752 894 792 Et
927 753 1070 804 igitur
1101 755 1148 791 tn
1179 752 1257 792 tihi
1291 763 1522 803 nsnrpare

200 823 343 863 andes
381 826 460 863 ant
502 823 749 863 dominans
787 823 1090 875 apostolatum
1130 824 1209 861 ant
1247 821 1522 874 apostolicus

200 893 500 932 dominatam.
532 892 733 932 Planum
766 895 841 944 est,
874 892 930 932 ab
962 894 1147 941 ntroqne
1166 891 1431 943 prohiberis.
1470 888 1521 930 Si

198 965 440 1014 utrumqne
482 962 623 1002 simnl
666 962 828 1002 habere
872 962 1003 1011 voles,
1050 961 1217 1013 perdes
1266 964 1519 1011 ntrnmqne.

147 1046 185 1066 10
198 1030 411 1083 Alioquin
443 1044 532 1072 non
563 1035 603 1072 te
625 1034 853 1084 exceptam
876 1032 929 1071 de
952 1031 1139 1071 illorum
1161 1042 1353 1071 numero
1375 1033 1520 1082 pntes,

198 1102 251 1141 de
283 1102 441 1154 qnihns
472 1101 596 1142 Dens
632 1102 698 1142 sic
734 1101 1045 1153 conqueritur:
1083 1100 1181 1153 Ipsi
1216 1102 1522 1152 regnaverunt

200 1174 238 1211 et
269 1183 356 1211 non
396 1184 447 1211 ex
475 1184 560 1223 me,
591 1172 829 1224 principes
866 1172 1103 1212 extiterant
1139 1173 1178 1211 et
1214 1182 1303 1211 non
1335 1170 1522 1223 cognovi

198 1253 283 1281 eos.
316 1240 422 1281 Iam
444 1241 485 1281 si
505 1249 703 1294 regnare
729 1241 827 1282 sine
847 1241 941 1282 Deo
976 1242 1117 1293 iuvat,
1149 1240 1286 1281 habes
1313 1240 1519 1293 gloriam

198 1311 279 1350 sed
314 1322 403 1350 non
445 1311 571 1363 apnd
612 1310 777 1361 Deum,
822 1313 870 1350 at
905 1310 947 1351 si
983 1310 1274 1350 interdictum
1317 1312 1522 1350 tenemus

145 1381 449 1421 15andiamns
480 1381 685 1433 edictam,
727 1381 778 1421 id
815 1383 877 1421 est
914 1380 993 1432 qni
1029 1380 1184 1421 maior
1206 1382 1269 1421 est
1298 1382 1517 1426 vestrnm,

196 1450 291 1502 fiat
331 1451 447 1491 sicnt
491 1451 646 1490 minor
689 1453 728 1490 et
770 1450 847 1502 qni
886 1461 1124 1502 precessor
1175 1452 1238 1490 est
1278 1450 1394 1490 sicnt
1444 1449 1521 1501 qni

195 1521 440 1570 ministrat,
464 1519 634 1572 forma
666 1520 915 1572 apostolica
945 1520 1018 1560 hec
1051 1523 1126 1572 est,
1159 1519 1420 1560 dominacio
1447 1519 1518 1559 in-

194 1591 444 1641 terdicitur,
465 1590 685 1630 indicitur
699 1590 998 1640 ministracio‚
1019 1602 1102 1641 qne
1121 1592 1160 1630 et
1173 1589 1522 1630 commendatur

196 1661 393 1712 exemplo
437 1660 584 1713 ipsins
626 1659 918 1712 legislatoris,
961 1660 1039 1711 qni
1079 1662 1257 1700 secntns
1295 1658 1519 1711 adiungit,

138 1745 181 1767 20
196 1743 274 1783 ego
308 1734 460 1771 antem
496 1730 545 1771 in
582 1730 732 1771 medio
771 1732 971 1770 vestrnm
1003 1742 1107 1770 snm
1141 1732 1382 1782 tamqnam
1413 1726 1517 1783 qni!

81 1806 159 1849 19:⁷2a
195 1801 440 1841 ministrat.
491 1799 619 1840 Ecce
665 1812 802 1852 quam
844 1797 1058 1839 breviter
1100 1798 1192 1839 iste
1236 1804 1426 1839 sanctus
1472 1802 1521 1837 et

196 1883 334 1923 quam
388 1871 529 1924 plane
587 1869 811 1911 dilucidat
875 1869 1164 1910 sentenciam
1223 1868 1518 1923 sepedictam

193 1945 429 1994 tamquam
468 1946 751 1994 sequentem
789 1940 1046 1980 formaliter
1079 1953 1142 1980 ex
1179 1939 1423 1993 scriptura,
1469 1943 1518 1978 et

192 2024 362 2051 revera
393 2011 658 2064 dampnare,
695 2010 957 2051 hereticare
990 2011 1069 2051 vel
1099 2010 1377 2065 impugnare
1409 2021 1515 2048 sen-

138 2081 397 2121 25tenciam
442 2087 535 2122 tam
579 2081 741 2133 sancti,
791 2086 884 2121 tam
929 2080 1103 2133 devoti,
1153 2085 1249 2121 tam
1291 2078 1516 2133 profundi

195 2156 335 2204 atque
380 2151 565 2192 subtilis
609 2151 826 2205 theologi
869 2150 992 2191 sicut
1033 2150 1122 2191 fuit
1164 2152 1333 2190 beatus
1370 2149 1515 2189 Bern-

191 2221 365 2261 hardus
409 2222 466 2261 ab
512 2221 714 2262 ecclesia
758 2220 1056 2261 canonizatus
1102 2225 1150 2261 et
1191 2220 1238 2261 in
1278 2220 1378 2260 celo
1412 2232 1516 2259 cum

194 2291 374 2345 angelis
405 2291 644 2346 gloriosus
674 2297 876 2346 propter
905 2291 1041 2331 istam
1069 2289 1355 2331 sentenciam
1379 2302 1517 2342 quam

193 2362 344 2402 verbo
384 2362 548 2403 docuit
586 2368 634 2403 et
672 2362 910 2415 exempIO,
948 2360 1191 2401 videretur
1226 2359 1363 2400 nimis
1403 2371 1518 2398 ceca

138 2432 498 2485 3opresumpcio
538 2438 587 2473 et
624 2431 895 2486 specialiter
925 2431 973 2471 in
1004 2430 1198 2471 materia
1227 2429 1341 2469 fidei
1378 2441 1517 2482 quam

195 2500 390 2542 dictavit
420 2508 514 2543 tam
543 2503 626 2543 lex
657 2501 829 2543 Christi
861 2514 1000 2555 quam
1031 2502 1113 2542 lex
1143 2498 1381 2540 naturalis.

254 2571 453 2613 Constat
484 2572 674 2626 quidem
698 2585 760 2612 ex
783 2572 921 2614 dictis
949 2576 1219 2612 sanctorum
1249 2575 1297 2610 et
1318 2573 1518 2609 testatur

196 2655 347 2683 canon
368 2642 544 2682 XXIV
577 2642 715 2696 q.111
750 2655 850 2696 cap.
877 2642 1081 2695 Heresis,
1115 2640 1245 2694 quod
1275 2639 1353 2691 qni
1383 2638 1518 2679 aliter

267 2802 349 2838 7-8.
367 2803 484 2831 (Ξοάἀ.;
500 2806 557 2831 aut
568 2803 710 2831 dominus
727 2824 732 2830 .
750 2824 756 2829 .
773 2826 780 2832 .
796 2824 802 2829 .
817 2805 874 2830 aut
885 2802 1073 2838 apostolatus
1086 2800 1265 2828 dominium.
1342 2798 1382 2826 18.
1398 2798 1514 2826 Codd.:

196 2857 254 2885 que
272 2853 300 2877 et
320 2849 554 2877 commendatur
573 2850 666 2877 deest.
746 2858 787 2885 ¹9-
812 2849 929 2877 Codd.:
952 2848 1095 2884 adiungi.

267 2935 318 2967 33.
348 2935 431 2976 Cap.
457 2936 590 2967 XXVII.

1733 302 1806 341 137

1623 2085 1718 2113 Great

1566 2120 1722 2156 authority
1742 2121 1777 2147 of

1565 2155 1610 2183 St.
1631 2155 1778 2183 Bernard.
