<?xml version="1.0" encoding="UTF-8"?>
<!DOCTYPE html PUBLIC "-//W3C//DTD XHTML 1.0 Transitional//EN"
    "http://www.w3.org/TR/xhtml1/DTD/xhtml1-transitional.dtd">
<html xmlns="http://www.w3.org/1999/xhtml" xml:lang="en" lang="en">
 <head>
  <title>
</title>
<meta http-equiv="Content-Type" content="text/html;charset=utf-8" />
  <meta name='ocr-system' content='tesseract 3.04.00' />
  <meta name='ocr-capabilities' content='ocr_page ocr_carea ocr_par ocr_line ocrx_word'/>
</head>
<body>
  <div class='ocr_page' id='page_1' title='image "./tractatusdepotes00wycl_0267.png"; bbox 0 0 2078 3338; ppageno 0'>
   <div class='ocr_carea' id='block_1_1' title="bbox 209 262 1807 315">
    <p class='ocr_par' dir='ltr' id='par_1_1' title="bbox 209 262 1807 315">
     <span class='ocr_line' id='line_1_1' title="bbox 209 262 1807 315; baseline 0.006 -11"><span class='ocrx_word' id='word_1_1' title='bbox 209 273 296 301; x_wconf 70' lang='lat' dir='ltr'>CAP.</span> <span class='ocrx_word' id='word_1_2' title='bbox 311 262 380 315; x_wconf 64' lang='lat' dir='ltr'>lx]</span> <span class='ocrx_word' id='word_1_3' title='bbox 604 277 661 308; x_wconf 79' lang='lat' dir='ltr'>DE</span> <span class='ocrx_word' id='word_1_4' title='bbox 690 276 968 307; x_wconf 73' lang='lat' dir='ltr'>PoTEsTATE</span> <span class='ocrx_word' id='word_1_5' title='bbox 1001 276 1128 308; x_wconf 74' lang='lat' dir='ltr'>PAPF„</span> <span class='ocrx_word' id='word_1_6' title='bbox 1729 275 1807 313; x_wconf 85' lang='lat'>205</span> 
     </span>
    </p>
   </div>
   <div class='ocr_carea' id='block_1_2' title="bbox 176 380 1796 782">
    <p class='ocr_par' dir='ltr' id='par_1_2' title="bbox 176 380 1796 782">
     <span class='ocr_line' id='line_1_2' title="bbox 209 380 1521 421; baseline -0.001 -1"><span class='ocrx_word' id='word_1_7' title='bbox 209 384 246 420; x_wconf 76' lang='lat' dir='ltr'>et</span> <span class='ocrx_word' id='word_1_8' title='bbox 289 393 443 420; x_wconf 84' lang='grc'><em>01441163</em></span> <span class='ocrx_word' id='word_1_9' title='bbox 486 382 656 421; x_wconf 74' lang='lat' dir='ltr'>celestis</span> <span class='ocrx_word' id='word_1_10' title='bbox 698 381 864 421; x_wconf 79' lang='lat' dir='ltr'><em>milicie</em></span> <span class='ocrx_word' id='word_1_11' title='bbox 907 382 1090 421; x_wconf 70' lang='lat' dir='ltr'>ordines</span> <span class='ocrx_word' id='word_1_12' title='bbox 1122 384 1160 421; x_wconf 78' lang='lat' dir='ltr'>et</span> <span class='ocrx_word' id='word_1_13' title='bbox 1192 393 1347 421; x_wconf 78' lang='lat' dir='ltr'>omnes</span> <span class='ocrx_word' id='word_1_14' title='bbox 1376 380 1521 420; x_wconf 77' lang='lat' dir='ltr'>sancti</span> 
     </span>
     <span class='ocr_line' id='line_1_3' title="bbox 208 449 1521 502; baseline 0 -13"><span class='ocrx_word' id='word_1_15' title='bbox 208 451 255 489; x_wconf 79' lang='lat' dir='ltr'>in</span> <span class='ocrx_word' id='word_1_16' title='bbox 294 451 447 502; x_wconf 78' lang='lat' dir='ltr'>gloria</span> <span class='ocrx_word' id='word_1_17' title='bbox 488 463 592 491; x_wconf 78' lang='lat' dir='ltr'>mea</span> <span class='ocrx_word' id='word_1_18' title='bbox 635 451 829 491; x_wconf 78' lang='lat' dir='ltr'>laudant</span> <span class='ocrx_word' id='word_1_19' title='bbox 871 450 1096 490; x_wconf 78' lang='lat' dir='ltr'>vobiscum</span> <span class='ocrx_word' id='word_1_20' title='bbox 1147 453 1186 490; x_wconf 77' lang='lat' dir='ltr'>et</span> <span class='ocrx_word' id='word_1_21' title='bbox 1235 449 1521 500; x_wconf 73' lang='lat' dir='ltr'>confirmant,</span> 
     </span>
     <span class='ocr_line' id='line_1_4' title="bbox 207 519 1522 572; baseline -0.002 -12"><span class='ocrx_word' id='word_1_22' title='bbox 207 532 316 572; x_wconf 77' lang='lat' dir='ltr'>quos</span> <span class='ocrx_word' id='word_1_23' title='bbox 336 520 492 572; x_wconf 76' lang='lat' dir='ltr'>ligatis</span> <span class='ocrx_word' id='word_1_24' title='bbox 514 523 552 560; x_wconf 81' lang='lat' dir='ltr'>et</span> <span class='ocrx_word' id='word_1_25' title='bbox 572 521 755 560; x_wconf 79' lang='lat' dir='ltr'>solvitis.</span> <span class='ocrx_word' id='word_1_26' title='bbox 787 519 887 560; x_wconf 81' lang='lat' dir='ltr'>Non</span> <span class='ocrx_word' id='word_1_27' title='bbox 911 520 1030 572; x_wconf 73' lang='lat' dir='ltr'>dixit,</span> <span class='ocrx_word' id='word_1_28' title='bbox 1053 532 1162 571; x_wconf 77' lang='lat' dir='ltr'>quos</span> <span class='ocrx_word' id='word_1_29' title='bbox 1182 520 1354 570; x_wconf 77' lang='lat' dir='ltr'>putatis</span> <span class='ocrx_word' id='word_1_30' title='bbox 1375 519 1522 570; x_wconf 68' lang='lat' dir='ltr'>ligare</span> 
     </span>
     <span class='ocr_line' id='line_1_5' title="bbox 209 588 1522 641; baseline -0.002 -11"><span class='ocrx_word' id='word_1_31' title='bbox 209 593 248 630; x_wconf 79' lang='lat' dir='ltr'>et</span> <span class='ocrx_word' id='word_1_32' title='bbox 284 590 466 635; x_wconf 72' lang='lat' dir='ltr'>solvere,</span> <span class='ocrx_word' id='word_1_33' title='bbox 505 591 584 630; x_wconf 75' lang='lat' dir='ltr'>secl</span> <span class='ocrx_word' id='word_1_34' title='bbox 620 591 668 629; x_wconf 76' lang='lat' dir='ltr'>in</span> <span class='ocrx_word' id='word_1_35' title='bbox 705 602 813 641; x_wconf 82' lang='lat' dir='ltr'>quos</span> <span class='ocrx_word' id='word_1_36' title='bbox 850 590 1057 630; x_wconf 72' lang='lat' dir='ltr'>exercez‘is</span> <span class='ocrx_word' id='word_1_37' title='bbox 1095 602 1208 641; x_wconf 76' lang='lat' dir='ltr'>opus</span> <span class='ocrx_word' id='word_1_38' title='bbox 1245 589 1419 629; x_wconf 76' lang='lat' dir='ltr'>iusticie</span> <span class='ocrx_word' id='word_1_39' title='bbox 1456 588 1522 628; x_wconf 82' lang='lat' dir='ltr'>vel</span> 
     </span>
     <span class='ocr_line' id='line_1_6' title="bbox 176 659 1518 710; baseline -0.002 -10"><span class='ocrx_word' id='word_1_40' title='bbox 176 660 531 700; x_wconf 77' lang='lat' dir='ltr'>5mz&#39;sericordie.</span> <span class='ocrx_word' id='word_1_41' title='bbox 574 659 720 700; x_wconf 75' lang='lat' dir='ltr'>Aliter</span> <span class='ocrx_word' id='word_1_42' title='bbox 751 663 901 699; x_wconf 73' lang='lat' dir='ltr'>mitem</span> <span class='ocrx_word' id='word_1_43' title='bbox 935 671 1075 710; x_wconf 73' lang='lat' dir='ltr'>opera</span> <span class='ocrx_word' id='word_1_44' title='bbox 1106 661 1255 699; x_wconf 72' lang='lat' dir='ltr'>vestm</span> <span class='ocrx_word' id='word_1_45' title='bbox 1288 659 1332 698; x_wconf 77' lang='lat' dir='ltr'>in</span> <span class='ocrx_word' id='word_1_46' title='bbox 1363 669 1518 710; x_wconf 79' lang='lat' dir='ltr'>pecca-</span> 
     </span>
     <span class='ocr_line' id='line_1_7' title="bbox 208 722 1796 782; baseline -0.003 -13"><span class='ocrx_word' id='word_1_47' title='bbox 208 733 327 769; x_wconf 78' lang='lat' dir='ltr'>tores</span> <span class='ocrx_word' id='word_1_48' title='bbox 346 741 435 770; x_wconf 79' lang='grc'><em>14014</em></span> <span class='ocrx_word' id='word_1_49' title='bbox 458 738 682 782; x_wconf 75' lang='lat' dir='ltr'>cognosco.</span> <span class='ocrx_word' id='word_1_50' title='bbox 717 728 833 781; x_wconf 74' lang='lat' dir='ltr'>Quis</span> <span class='ocrx_word' id='word_1_51' title='bbox 855 728 1000 782; x_wconf 88' lang='lat' dir='ltr'>igitur</span> <span class='ocrx_word' id='word_1_52' title='bbox 1026 742 1117 768; x_wconf 91' lang='lat' dir='ltr'>non</span> <span class='ocrx_word' id='word_1_53' title='bbox 1138 728 1368 776; x_wconf 82' lang='lat' dir='ltr'>horreret,</span> <span class='ocrx_word' id='word_1_54' title='bbox 1393 727 1522 779; x_wconf 75' lang='lat' dir='ltr'>quod</span> <span class='ocrx_word' id='word_1_55' title='bbox 1556 722 1624 749; x_wconf 62' lang='lat'>000¹</span> <span class='ocrx_word' id='word_1_56' title='bbox 1647 723 1722 750; x_wconf 65' lang='lat'>&lt;³0⁰5</span> <span class='ocrx_word' id='word_1_57' title='bbox 1744 727 1796 750; x_wconf 59' lang='grc' dir='ltr'>Ποῖ</span> 
     </span>
    </p>
   </div>
   <div class='ocr_carea' id='block_1_3' title="bbox 209 758 1776 851">
    <p class='ocr_par' dir='ltr' id='par_1_3' title="bbox 209 758 1776 851">
     <span class='ocr_line' id='line_1_8' title="bbox 1580 758 1764 785; baseline 0.005 -1"><span class='ocrx_word' id='word_1_58' title='bbox 1580 758 1707 785; x_wconf 76' lang='lat' dir='ltr'>confirm</span> <span class='ocrx_word' id='word_1_59' title='bbox 1729 759 1764 785; x_wconf 83' lang='lat' dir='ltr'>all</span> 
     </span>
     <span class='ocr_line' id='line_1_9' title="bbox 209 792 1776 851; baseline -0.004 -13"><span class='ocrx_word' id='word_1_60' title='bbox 209 799 430 838; x_wconf 85' lang='lat' dir='ltr'>sacerdos</span> <span class='ocrx_word' id='word_1_61' title='bbox 484 798 613 851; x_wconf 80' lang='lat' dir='ltr'>cogit</span> <span class='ocrx_word' id='word_1_62' title='bbox 655 799 810 838; x_wconf 85' lang='lat' dir='ltr'>Deum</span> <span class='ocrx_word' id='word_1_63' title='bbox 864 804 912 838; x_wconf 84' lang='lat' dir='ltr'>et</span> <span class='ocrx_word' id='word_1_64' title='bbox 963 803 1111 838; x_wconf 86' lang='lat' dir='ltr'>totam</span> <span class='ocrx_word' id='word_1_65' title='bbox 1157 797 1521 849; x_wconf 69' lang='lat' dir='ltr'>triumphantem</span> <span class='ocrx_word' id='word_1_66' title='bbox 1570 792 1700 828; x_wconf 82' lang='lat' dir='ltr'>binding</span> <span class='ocrx_word' id='word_1_67' title='bbox 1719 793 1776 819; x_wconf 62' lang='lat' dir='ltr'>and</span> 
     </span>
    </p>
   </div>
   <div class='ocr_carea' id='block_1_4' title="bbox 89 827 1796 2035">
    <p class='ocr_par' dir='ltr' id='par_1_4' title="bbox 89 827 1796 2035">
     <span class='ocr_line' id='line_1_10' title="bbox 1553 827 1796 854; baseline 0 0"><span class='ocrx_word' id='word_1_68' title='bbox 1553 827 1653 854; x_wconf 82' lang='lat' dir='ltr'>loosin</span> <span class='ocrx_word' id='word_1_69' title='bbox 1667 836 1676 846; x_wconf 76' lang='lat'>⁷</span> <span class='ocrx_word' id='word_1_70' title='bbox 1696 827 1731 854; x_wconf 83' lang='lat' dir='ltr'>of</span> <span class='ocrx_word' id='word_1_71' title='bbox 1747 828 1796 854; x_wconf 77' lang='lat' dir='ltr'>the</span> 
     </span>
     <span class='ocr_line' id='line_1_11' title="bbox 210 836 1729 921; baseline -0.002 -13"><span class='ocrx_word' id='word_1_72' title='bbox 210 867 453 908; x_wconf 88' lang='lat' dir='ltr'>ecclesiam</span> <span class='ocrx_word' id='word_1_73' title='bbox 487 868 754 908; x_wconf 89' lang='lat' dir='ltr'>consentire</span> <span class='ocrx_word' id='word_1_74' title='bbox 790 867 1084 921; x_wconf 74' lang='lat' dir='ltr'>culpabiliter</span> <span class='ocrx_word' id='word_1_75' title='bbox 1111 881 1193 907; x_wconf 86' lang='lat' dir='ltr'>sue</span> <span class='ocrx_word' id='word_1_76' title='bbox 1217 866 1422 907; x_wconf 75' lang='lat' dir='ltr'>stulticie</span> <span class='ocrx_word' id='word_1_77' title='bbox 1444 866 1521 905; x_wconf 89' lang='lat' dir='ltr'>vel</span> <span class='ocrx_word' id='word_1_78' title='bbox 1624 836 1729 897; x_wconf 44' lang='lat' dir='ltr'>Psiesst·</span> 
     </span>
     <span class='ocr_line' id='line_1_12' title="bbox 208 935 1518 991; baseline -0.002 -14"><span class='ocrx_word' id='word_1_79' title='bbox 208 937 432 991; x_wconf 84' lang='lat' dir='ltr'>quicquid</span> <span class='ocrx_word' id='word_1_80' title='bbox 474 937 520 977; x_wconf 90' lang='lat' dir='ltr'>in</span> <span class='ocrx_word' id='word_1_81' title='bbox 563 938 654 978; x_wconf 91' lang='lat' dir='ltr'>isto</span> <span class='ocrx_word' id='word_1_82' title='bbox 704 937 872 978; x_wconf 83' lang='lat' dir='ltr'>fecerit</span> <span class='ocrx_word' id='word_1_83' title='bbox 916 938 972 977; x_wconf 93' lang='lat' dir='ltr'>ad</span> <span class='ocrx_word' id='word_1_84' title='bbox 1023 943 1167 977; x_wconf 85' lang='lat' dir='ltr'>ratam</span> <span class='ocrx_word' id='word_1_85' title='bbox 1218 935 1518 989; x_wconf 76' lang='lat' dir='ltr'>prudenciam</span> 
     </span>
     <span class='ocr_line' id='line_1_13' title="bbox 155 1005 1523 1060; baseline 0 -16"><span class='ocrx_word' id='word_1_86' title='bbox 155 1007 451 1060; x_wconf 85' lang='lat' dir='ltr'>1oimputare,</span> <span class='ocrx_word' id='word_1_87' title='bbox 497 1008 574 1047; x_wconf 86' lang='lat' dir='ltr'>vel</span> <span class='ocrx_word' id='word_1_88' title='bbox 618 1008 745 1060; x_wconf 88' lang='lat' dir='ltr'>quod</span> <span class='ocrx_word' id='word_1_89' title='bbox 783 1008 990 1060; x_wconf 89' lang='lat' dir='ltr'>populus</span> <span class='ocrx_word' id='word_1_90' title='bbox 1030 1007 1130 1046; x_wconf 89' lang='lat' dir='ltr'>sine</span> <span class='ocrx_word' id='word_1_91' title='bbox 1167 1005 1341 1046; x_wconf 89' lang='lat' dir='ltr'>iudicio</span> <span class='ocrx_word' id='word_1_92' title='bbox 1378 1006 1523 1045; x_wconf 85' lang='lat' dir='ltr'>debet</span> 
     </span>
     <span class='ocr_line' id='line_1_14' title="bbox 209 1075 1521 1130; baseline -0.002 -14"><span class='ocrx_word' id='word_1_93' title='bbox 209 1077 402 1117; x_wconf 85' lang='lat' dir='ltr'>credere</span> <span class='ocrx_word' id='word_1_94' title='bbox 419 1090 524 1117; x_wconf 88' lang='lat' dir='ltr'>esse</span> <span class='ocrx_word' id='word_1_95' title='bbox 541 1076 865 1117; x_wconf 84' lang='lat' dir='ltr'>confirmatum</span> <span class='ocrx_word' id='word_1_96' title='bbox 881 1090 906 1116; x_wconf 90' lang='lat' dir='ltr'>a</span> <span class='ocrx_word' id='word_1_97' title='bbox 919 1077 1040 1121; x_wconf 73' lang='lat' dir='ltr'>Deo,</span> <span class='ocrx_word' id='word_1_98' title='bbox 1058 1075 1282 1130; x_wconf 86' lang='lat' dir='ltr'>quicquid</span> <span class='ocrx_word' id='word_1_99' title='bbox 1299 1076 1521 1116; x_wconf 81' lang='lat' dir='ltr'>sacerdos</span> 
     </span>
     <span class='ocr_line' id='line_1_15' title="bbox 206 1144 1522 1200; baseline -0.002 -14"><span class='ocrx_word' id='word_1_100' title='bbox 206 1146 375 1187; x_wconf 86' lang='lat' dir='ltr'>fecerit</span> <span class='ocrx_word' id='word_1_101' title='bbox 415 1146 462 1186; x_wconf 92' lang='lat' dir='ltr'>in</span> <span class='ocrx_word' id='word_1_102' title='bbox 504 1146 591 1186; x_wconf 89' lang='lat' dir='ltr'>hac</span> <span class='ocrx_word' id='word_1_103' title='bbox 634 1151 783 1200; x_wconf 88' lang='lat' dir='ltr'>parte.</span> <span class='ocrx_word' id='word_1_104' title='bbox 835 1146 973 1186; x_wconf 88' lang='lat' dir='ltr'>Tales</span> <span class='ocrx_word' id='word_1_105' title='bbox 1011 1145 1280 1186; x_wconf 76' lang='lat' dir='ltr'>blasfemias</span> <span class='ocrx_word' id='word_1_106' title='bbox 1320 1150 1367 1185; x_wconf 90' lang='lat' dir='ltr'>et</span> <span class='ocrx_word' id='word_1_107' title='bbox 1397 1144 1522 1184; x_wconf 88' lang='lat' dir='ltr'>mille</span> 
     </span>
     <span class='ocr_line' id='line_1_16' title="bbox 206 1214 1522 1269; baseline -0.002 -13"><span class='ocrx_word' id='word_1_108' title='bbox 206 1215 436 1269; x_wconf 89' lang='lat' dir='ltr'>permittit</span> <span class='ocrx_word' id='word_1_109' title='bbox 471 1216 604 1256; x_wconf 89' lang='lat' dir='ltr'>Deus</span> <span class='ocrx_word' id='word_1_110' title='bbox 645 1216 693 1256; x_wconf 91' lang='lat' dir='ltr'>in</span> <span class='ocrx_word' id='word_1_111' title='bbox 736 1221 984 1269; x_wconf 90' lang='lat' dir='ltr'>peccatum</span> <span class='ocrx_word' id='word_1_112' title='bbox 1030 1215 1246 1265; x_wconf 73' lang='lat' dir='ltr'>ecclesie,</span> <span class='ocrx_word' id='word_1_113' title='bbox 1293 1214 1522 1255; x_wconf 88' lang='lat' dir='ltr'>confitens</span> 
     </span>
     <span class='ocr_line' id='line_1_17' title="bbox 206 1284 1522 1339; baseline -0.001 -14"><span class='ocrx_word' id='word_1_114' title='bbox 206 1299 321 1326; x_wconf 87' lang='lat' dir='ltr'>vero</span> <span class='ocrx_word' id='word_1_115' title='bbox 367 1285 454 1325; x_wconf 88' lang='lat' dir='ltr'>erit</span> <span class='ocrx_word' id='word_1_116' title='bbox 498 1285 704 1339; x_wconf 86' lang='lat' dir='ltr'>optimus</span> <span class='ocrx_word' id='word_1_117' title='bbox 747 1285 894 1326; x_wconf 79' lang='lat' dir='ltr'>iudex</span> <span class='ocrx_word' id='word_1_118' title='bbox 944 1285 1130 1338; x_wconf 88' lang='lat' dir='ltr'>peccati</span> <span class='ocrx_word' id='word_1_119' title='bbox 1167 1284 1361 1338; x_wconf 90' lang='lat' dir='ltr'>proprii,</span> <span class='ocrx_word' id='word_1_120' title='bbox 1416 1297 1522 1324; x_wconf 91' lang='lat' dir='ltr'>con-</span> 
     </span>
     <span class='ocr_line' id='line_1_18' title="bbox 154 1354 1522 1408; baseline 0 -14"><span class='ocrx_word' id='word_1_121' title='bbox 154 1360 190 1394; x_wconf 77' lang='lat'>15</span> <span class='ocrx_word' id='word_1_122' title='bbox 208 1355 418 1395; x_wconf 89' lang='lat' dir='ltr'>siderans</span> <span class='ocrx_word' id='word_1_123' title='bbox 451 1355 490 1395; x_wconf 90' lang='lat' dir='ltr'>si</span> <span class='ocrx_word' id='word_1_124' title='bbox 521 1355 735 1408; x_wconf 82' lang='lat' dir='ltr'>perfecte</span> <span class='ocrx_word' id='word_1_125' title='bbox 771 1355 900 1395; x_wconf 87' lang='lat' dir='ltr'>dolet</span> <span class='ocrx_word' id='word_1_126' title='bbox 929 1356 986 1395; x_wconf 92' lang='lat' dir='ltr'>de</span> <span class='ocrx_word' id='word_1_127' title='bbox 1012 1354 1261 1395; x_wconf 90' lang='lat' dir='ltr'>commisso</span> <span class='ocrx_word' id='word_1_128' title='bbox 1284 1354 1331 1394; x_wconf 90' lang='lat' dir='ltr'>in</span> <span class='ocrx_word' id='word_1_129' title='bbox 1352 1354 1522 1404; x_wconf 89' lang='lat' dir='ltr'>Deum,</span> 
     </span>
     <span class='ocr_line' id='line_1_19' title="bbox 208 1424 1522 1478; baseline -0.001 -14"><span class='ocrx_word' id='word_1_130' title='bbox 208 1424 247 1464; x_wconf 88' lang='lat' dir='ltr'>si</span> <span class='ocrx_word' id='word_1_131' title='bbox 289 1424 525 1464; x_wconf 86' lang='lat' dir='ltr'>humiliter</span> <span class='ocrx_word' id='word_1_132' title='bbox 566 1424 794 1478; x_wconf 87' lang='lat' dir='ltr'>proponit</span> <span class='ocrx_word' id='word_1_133' title='bbox 839 1430 887 1465; x_wconf 90' lang='lat' dir='ltr'>et</span> <span class='ocrx_word' id='word_1_134' title='bbox 930 1438 1026 1465; x_wconf 90' lang='lat' dir='ltr'>non</span> <span class='ocrx_word' id='word_1_135' title='bbox 1069 1425 1172 1464; x_wconf 84' lang='lat' dir='ltr'>vult</span> <span class='ocrx_word' id='word_1_136' title='bbox 1216 1424 1283 1464; x_wconf 90' lang='lat' dir='ltr'>sic</span> <span class='ocrx_word' id='word_1_137' title='bbox 1321 1437 1522 1477; x_wconf 90' lang='lat' dir='ltr'>peccare</span> 
     </span>
     <span class='ocr_line' id='line_1_20' title="bbox 208 1493 1523 1548; baseline -0.001 -14"><span class='ocrx_word' id='word_1_138' title='bbox 208 1494 420 1547; x_wconf 82' lang='lat' dir='ltr'>amplius.</span> <span class='ocrx_word' id='word_1_139' title='bbox 473 1493 708 1535; x_wconf 75' lang='lat' dir='ltr'>Sacerdos</span> <span class='ocrx_word' id='word_1_140' title='bbox 749 1500 901 1534; x_wconf 87' lang='lat' dir='ltr'>autem</span> <span class='ocrx_word' id='word_1_141' title='bbox 940 1494 1019 1548; x_wconf 90' lang='lat' dir='ltr'>qui</span> <span class='ocrx_word' id='word_1_142' title='bbox 1057 1493 1255 1547; x_wconf 88' lang='lat' dir='ltr'>apponit</span> <span class='ocrx_word' id='word_1_143' title='bbox 1285 1493 1523 1534; x_wconf 80' lang='lat' dir='ltr'>materiam</span> 
     </span>
     <span class='ocr_line' id='line_1_21' title="bbox 206 1564 1524 1617; baseline 0 -14"><span class='ocrx_word' id='word_1_144' title='bbox 206 1564 254 1604; x_wconf 88' lang='lat' dir='ltr'>in</span> <span class='ocrx_word' id='word_1_145' title='bbox 286 1564 590 1604; x_wconf 88' lang='lat' dir='ltr'>confitentem</span> <span class='ocrx_word' id='word_1_146' title='bbox 621 1564 811 1617; x_wconf 82' lang='lat' dir='ltr'>ignorat</span> <span class='ocrx_word' id='word_1_147' title='bbox 837 1564 949 1614; x_wconf 89' lang='lat' dir='ltr'>hoc;</span> <span class='ocrx_word' id='word_1_148' title='bbox 983 1569 1306 1604; x_wconf 85' lang='lat' dir='ltr'>verumtamen</span> <span class='ocrx_word' id='word_1_149' title='bbox 1330 1564 1524 1604; x_wconf 89' lang='lat' dir='ltr'>multum</span> 
     </span>
     <span class='ocr_line' id='line_1_22' title="bbox 207 1632 1524 1687; baseline 0 -14"><span class='ocrx_word' id='word_1_150' title='bbox 207 1634 334 1674; x_wconf 84' lang='lat' dir='ltr'>valet</span> <span class='ocrx_word' id='word_1_151' title='bbox 367 1634 491 1686; x_wconf 91' lang='lat' dir='ltr'>apud</span> <span class='ocrx_word' id='word_1_152' title='bbox 523 1639 767 1687; x_wconf 84' lang='lat' dir='ltr'>utramque</span> <span class='ocrx_word' id='word_1_153' title='bbox 802 1633 1063 1684; x_wconf 88' lang='lat' dir='ltr'>ecclesiam,</span> <span class='ocrx_word' id='word_1_154' title='bbox 1098 1633 1227 1687; x_wconf 88' lang='lat' dir='ltr'>quod</span> <span class='ocrx_word' id='word_1_155' title='bbox 1254 1633 1359 1687; x_wconf 87' lang='lat' dir='ltr'>quis</span> <span class='ocrx_word' id='word_1_156' title='bbox 1380 1632 1524 1673; x_wconf 88' lang='lat' dir='ltr'>humi-</span> 
     </span>
     <span class='ocr_line' id='line_1_23' title="bbox 89 1701 1525 1757; baseline -0.001 -14"><span class='ocrx_word' id='word_1_157' title='bbox 89 1706 170 1739; x_wconf 80' lang='lat'>212¹³</span> <span class='ocrx_word' id='word_1_158' title='bbox 206 1703 314 1744; x_wconf 86' lang='lat' dir='ltr'>liter</span> <span class='ocrx_word' id='word_1_159' title='bbox 343 1701 944 1756; x_wconf 70' lang='lat' dir='ltr'>confiteaturlpresbitero,</span> <span class='ocrx_word' id='word_1_160' title='bbox 978 1704 1107 1757; x_wconf 89' lang='lat' dir='ltr'>quod</span> <span class='ocrx_word' id='word_1_161' title='bbox 1133 1703 1238 1756; x_wconf 90' lang='lat' dir='ltr'>ipse</span> <span class='ocrx_word' id='word_1_162' title='bbox 1267 1703 1525 1743; x_wconf 90' lang='lat' dir='ltr'>secundum</span> 
     </span>
     <span class='ocr_line' id='line_1_24' title="bbox 210 1772 1527 1826; baseline 0.001 -14"><span class='ocrx_word' id='word_1_163' title='bbox 210 1774 387 1813; x_wconf 81' lang='lat' dir='ltr'>clavem</span> <span class='ocrx_word' id='word_1_164' title='bbox 433 1773 640 1813; x_wconf 89' lang='lat' dir='ltr'>sciencie</span> <span class='ocrx_word' id='word_1_165' title='bbox 685 1778 817 1826; x_wconf 90' lang='lat' dir='ltr'>aptet</span> <span class='ocrx_word' id='word_1_166' title='bbox 860 1773 1095 1813; x_wconf 89' lang='lat' dir='ltr'>sanificam</span> <span class='ocrx_word' id='word_1_167' title='bbox 1138 1772 1428 1822; x_wconf 73' lang='lat' dir='ltr'>medicinam,</span> <span class='ocrx_word' id='word_1_168' title='bbox 1479 1777 1527 1813; x_wconf 86' lang='lat' dir='ltr'>et</span> 
     </span>
     <span class='ocr_line' id='line_1_25' title="bbox 209 1841 1525 1895; baseline 0 -13"><span class='ocrx_word' id='word_1_169' title='bbox 209 1842 339 1895; x_wconf 89' lang='lat' dir='ltr'>quod</span> <span class='ocrx_word' id='word_1_170' title='bbox 382 1846 486 1882; x_wconf 89' lang='lat' dir='ltr'>oret</span> <span class='ocrx_word' id='word_1_171' title='bbox 531 1855 584 1882; x_wconf 86' lang='lat' dir='ltr'>ac</span> <span class='ocrx_word' id='word_1_172' title='bbox 627 1847 882 1895; x_wconf 88' lang='lat' dir='ltr'>supportet</span> <span class='ocrx_word' id='word_1_173' title='bbox 935 1856 1038 1883; x_wconf 91' lang='lat' dir='ltr'>cum</span> <span class='ocrx_word' id='word_1_174' title='bbox 1091 1842 1261 1883; x_wconf 90' lang='lat' dir='ltr'>ceteris</span> <span class='ocrx_word' id='word_1_175' title='bbox 1305 1841 1525 1882; x_wconf 87' lang='lat' dir='ltr'>membris</span> 
     </span>
     <span class='ocr_line' id='line_1_26' title="bbox 209 1911 1525 1965; baseline 0 -14"><span class='ocrx_word' id='word_1_176' title='bbox 209 1911 381 1952; x_wconf 88' lang='lat' dir='ltr'>Christi</span> <span class='ocrx_word' id='word_1_177' title='bbox 412 1925 499 1965; x_wconf 89' lang='lat' dir='ltr'>pro</span> <span class='ocrx_word' id='word_1_178' title='bbox 533 1912 713 1952; x_wconf 89' lang='lat' dir='ltr'>scelere</span> <span class='ocrx_word' id='word_1_179' title='bbox 747 1912 1036 1952; x_wconf 85' lang='lat' dir='ltr'>confitentis.</span> <span class='ocrx_word' id='word_1_180' title='bbox 1091 1911 1169 1953; x_wconf 89' lang='lat' dir='ltr'>Sic</span> <span class='ocrx_word' id='word_1_181' title='bbox 1203 1911 1324 1951; x_wconf 88' lang='lat' dir='ltr'>enim</span> <span class='ocrx_word' id='word_1_182' title='bbox 1363 1924 1525 1952; x_wconf 90' lang='lat' dir='ltr'>secun-</span> 
     </span>
     <span class='ocr_line' id='line_1_27' title="bbox 210 1980 1525 2035; baseline -0.001 -14"><span class='ocrx_word' id='word_1_183' title='bbox 210 1982 319 2021; x_wconf 89' lang='lat' dir='ltr'>dum</span> <span class='ocrx_word' id='word_1_184' title='bbox 341 1981 661 2034; x_wconf 89' lang='lat' dir='ltr'>Augustinum</span> <span class='ocrx_word' id='word_1_185' title='bbox 691 1995 835 2035; x_wconf 88' lang='lat' dir='ltr'>super</span> <span class='ocrx_word' id='word_1_186' title='bbox 855 1981 1067 2033; x_wconf 87' lang='lat' dir='ltr'>Johanne</span> <span class='ocrx_word' id='word_1_187' title='bbox 1090 1980 1320 2022; x_wconf 87' lang='lat' dir='ltr'>Sermone</span> <span class='ocrx_word' id='word_1_188' title='bbox 1344 1980 1525 2030; x_wconf 77' lang='lat' dir='ltr'>CXXI,</span> 
     </span>
    </p>
   </div>
   <div class='ocr_carea' id='block_1_5' title="bbox 151 2050 1527 2092">
    <p class='ocr_par' dir='ltr' id='par_1_5' title="bbox 151 2050 1527 2092">
     <span class='ocr_line' id='line_1_28' title="bbox 151 2050 1527 2092; baseline 0.001 -3"><span class='ocrx_word' id='word_1_189' title='bbox 151 2058 190 2090; x_wconf 77' lang='lat'>25</span> <span class='ocrx_word' id='word_1_190' title='bbox 210 2051 412 2091; x_wconf 90' lang='lat' dir='ltr'>ecclesia</span> <span class='ocrx_word' id='word_1_191' title='bbox 463 2056 731 2092; x_wconf 88' lang='lat' dir='ltr'>sanctorum</span> <span class='ocrx_word' id='word_1_192' title='bbox 782 2051 830 2090; x_wconf 92' lang='lat' dir='ltr'>in</span> <span class='ocrx_word' id='word_1_193' title='bbox 880 2051 1069 2091; x_wconf 88' lang='lat' dir='ltr'>racione</span> <span class='ocrx_word' id='word_1_194' title='bbox 1127 2050 1280 2091; x_wconf 90' lang='lat' dir='ltr'>meriti</span> <span class='ocrx_word' id='word_1_195' title='bbox 1336 2050 1527 2090; x_wconf 83' lang='lat' dir='ltr'>dimittit</span> 
     </span>
    </p>
   </div>
   <div class='ocr_carea' id='block_1_6' title="bbox 207 2126 1815 2314">
    <p class='ocr_par' dir='ltr' id='par_1_6' title="bbox 207 2126 1815 2314">
     <span class='ocr_line' id='line_1_29' title="bbox 207 2126 419 2173; baseline 0.005 -12"><span class='ocrx_word' id='word_1_196' title='bbox 207 2126 419 2173; x_wconf 85' lang='lat' dir='ltr'>peccata.</span> 
     </span>
     <span class='ocr_line' id='line_1_30' title="bbox 265 2187 1815 2250; baseline -0.006 -20"><span class='ocrx_word' id='word_1_197' title='bbox 265 2189 502 2242; x_wconf 75' lang='lat' dir='ltr'>Quantum</span> <span class='ocrx_word' id='word_1_198' title='bbox 549 2191 605 2230; x_wconf 87' lang='lat' dir='ltr'>ad</span> <span class='ocrx_word' id='word_1_199' title='bbox 648 2190 908 2230; x_wconf 87' lang='lat' dir='ltr'>secundum</span> <span class='ocrx_word' id='word_1_200' title='bbox 940 2203 1238 2244; x_wconf 87' lang='lat' dir='ltr'>pomposum,</span> <span class='ocrx_word' id='word_1_201' title='bbox 1285 2190 1414 2244; x_wconf 88' lang='lat' dir='ltr'>quod</span> <span class='ocrx_word' id='word_1_202' title='bbox 1454 2187 1815 2250; x_wconf 42' lang='lat' dir='ltr'>estDassggsrgcffpgirde</span> 
     </span>
     <span class='ocr_line' id='line_1_31' title="bbox 208 2259 1721 2314; baseline -0.001 -15"><span class='ocrx_word' id='word_1_203' title='bbox 208 2259 382 2299; x_wconf 87' lang='lat' dir='ltr'>ordinis</span> <span class='ocrx_word' id='word_1_204' title='bbox 405 2260 483 2299; x_wconf 86' lang='lat' dir='ltr'>vel</span> <span class='ocrx_word' id='word_1_205' title='bbox 515 2264 668 2299; x_wconf 89' lang='lat' dir='ltr'>status</span> <span class='ocrx_word' id='word_1_206' title='bbox 702 2259 920 2314; x_wconf 82' lang='lat' dir='ltr'>dignitas,</span> <span class='ocrx_word' id='word_1_207' title='bbox 955 2259 1277 2300; x_wconf 88' lang='lat' dir='ltr'>consideraret</span> <span class='ocrx_word' id='word_1_208' title='bbox 1303 2260 1370 2300; x_wconf 88' lang='lat' dir='ltr'>sic</span> <span class='ocrx_word' id='word_1_209' title='bbox 1392 2268 1525 2313; x_wconf 85' lang='lat' dir='ltr'>pom-</span> <span class='ocrx_word' id='word_1_210' title='bbox 1635 2262 1721 2284; x_wconf 60' lang='lat' dir='ltr'>Slate-</span> 
     </span>
    </p>
   </div>
   <div class='ocr_carea' id='block_1_7' title="bbox 150 2328 1527 2591">
    <p class='ocr_par' dir='ltr' id='par_1_7' title="bbox 150 2328 1527 2591">
     <span class='ocr_line' id='line_1_32' title="bbox 206 2328 1527 2383; baseline 0 -15"><span class='ocrx_word' id='word_1_211' title='bbox 206 2342 324 2381; x_wconf 87' lang='lat' dir='ltr'>pans</span> <span class='ocrx_word' id='word_1_212' title='bbox 358 2328 631 2383; x_wconf 88' lang='lat' dir='ltr'>dignitatem</span> <span class='ocrx_word' id='word_1_213' title='bbox 662 2330 920 2369; x_wconf 87' lang='lat' dir='ltr'>naturalem</span> <span class='ocrx_word' id='word_1_214' title='bbox 954 2334 1003 2369; x_wconf 92' lang='lat' dir='ltr'>et</span> <span class='ocrx_word' id='word_1_215' title='bbox 1035 2334 1206 2370; x_wconf 89' lang='lat' dir='ltr'>statum</span> <span class='ocrx_word' id='word_1_216' title='bbox 1238 2329 1444 2383; x_wconf 82' lang='lat' dir='ltr'>dyaboli,</span> <span class='ocrx_word' id='word_1_217' title='bbox 1479 2334 1527 2369; x_wconf 88' lang='lat' dir='ltr'>et</span> 
     </span>
     <span class='ocr_line' id='line_1_33' title="bbox 150 2397 1525 2452; baseline 0.001 -15"><span class='ocrx_word' id='word_1_218' title='bbox 150 2406 192 2437; x_wconf 79' lang='lat'>30</span> <span class='ocrx_word' id='word_1_219' title='bbox 208 2397 255 2438; x_wconf 90' lang='lat' dir='ltr'>in</span> <span class='ocrx_word' id='word_1_220' title='bbox 300 2403 517 2451; x_wconf 87' lang='lat' dir='ltr'>quantam</span> <span class='ocrx_word' id='word_1_221' title='bbox 560 2397 891 2451; x_wconf 81' lang='lat' dir='ltr'>indignitatem</span> <span class='ocrx_word' id='word_1_222' title='bbox 933 2398 1097 2439; x_wconf 88' lang='lat' dir='ltr'>incidit</span> <span class='ocrx_word' id='word_1_223' title='bbox 1139 2412 1227 2452; x_wconf 89' lang='lat' dir='ltr'>per</span> <span class='ocrx_word' id='word_1_224' title='bbox 1259 2404 1525 2452; x_wconf 87' lang='lat' dir='ltr'>peccatum,</span> 
     </span>
     <span class='ocr_line' id='line_1_34' title="bbox 206 2467 1525 2522; baseline 0.001 -15"><span class='ocrx_word' id='word_1_225' title='bbox 206 2473 259 2508; x_wconf 88' lang='lat' dir='ltr'>ut</span> <span class='ocrx_word' id='word_1_226' title='bbox 301 2468 494 2521; x_wconf 86' lang='lat' dir='ltr'>pulchre</span> <span class='ocrx_word' id='word_1_227' title='bbox 549 2468 755 2508; x_wconf 90' lang='lat' dir='ltr'>declarat</span> <span class='ocrx_word' id='word_1_228' title='bbox 797 2467 1096 2522; x_wconf 83' lang='lat' dir='ltr'>Augustinus</span> <span class='ocrx_word' id='word_1_229' title='bbox 1139 2468 1186 2509; x_wconf 90' lang='lat' dir='ltr'>in</span> <span class='ocrx_word' id='word_1_230' title='bbox 1231 2469 1306 2508; x_wconf 91' lang='lat' dir='ltr'>De</span> <span class='ocrx_word' id='word_1_231' title='bbox 1350 2467 1525 2508; x_wconf 88' lang='lat' dir='ltr'>Verbis</span> 
     </span>
     <span class='ocr_line' id='line_1_35' title="bbox 208 2536 1523 2591; baseline 0.002 -14"><span class='ocrx_word' id='word_1_232' title='bbox 208 2537 400 2578; x_wconf 89' lang='lat' dir='ltr'>Domini</span> <span class='ocrx_word' id='word_1_233' title='bbox 432 2536 662 2578; x_wconf 86' lang='lat' dir='ltr'>Sermone</span> <span class='ocrx_word' id='word_1_234' title='bbox 693 2537 824 2577; x_wconf 86' lang='lat' dir='ltr'>LIII:</span> <span class='ocrx_word' id='word_1_235' title='bbox 863 2538 1030 2578; x_wconf 76' lang='lat' dir='ltr'>Melior</span> <span class='ocrx_word' id='word_1_236' title='bbox 1067 2542 1142 2588; x_wconf 78' lang='lat' dir='ltr'>est,</span> <span class='ocrx_word' id='word_1_237' title='bbox 1178 2538 1345 2591; x_wconf 86' lang='lat' dir='ltr'>inquit,</span> <span class='ocrx_word' id='word_1_238' title='bbox 1379 2539 1523 2591; x_wconf 73' lang='lat' dir='ltr'>virgi-</span> 
     </span>
    </p>
   </div>
   <div class='ocr_carea' id='block_1_8' title="bbox 205 2707 1524 2790">
    <p class='ocr_par' dir='ltr' id='par_1_8' title="bbox 205 2707 1524 2790">
     <span class='ocr_line' id='line_1_36' title="bbox 277 2707 1524 2745; baseline -0.001 -9"><span class='ocrx_word' id='word_1_239' title='bbox 277 2717 297 2736; x_wconf 93' lang='lat'>1.</span> <span class='ocrx_word' id='word_1_240' title='bbox 323 2708 440 2736; x_wconf 80' lang='lat' dir='ltr'>Codd.:</span> <span class='ocrx_word' id='word_1_241' title='bbox 468 2716 579 2737; x_wconf 77' lang='lat' dir='ltr'>omnes.</span> <span class='ocrx_word' id='word_1_242' title='bbox 670 2717 714 2743; x_wconf 80' lang='lat'>14.</span> <span class='ocrx_word' id='word_1_243' title='bbox 740 2709 793 2736; x_wconf 81' lang='lat' dir='ltr'>AB</span> <span class='ocrx_word' id='word_1_244' title='bbox 819 2708 850 2736; x_wconf 87' lang='lat' dir='ltr'>in</span> <span class='ocrx_word' id='word_1_245' title='bbox 878 2716 993 2743; x_wconf 57' lang='lat' dir='ltr'>marg:</span> <span class='ocrx_word' id='word_1_246' title='bbox 1020 2707 1185 2745; x_wconf 77' lang='lat' dir='ltr'>Confessio</span> <span class='ocrx_word' id='word_1_247' title='bbox 1214 2717 1272 2744; x_wconf 82' lang='lat' dir='ltr'>que</span> <span class='ocrx_word' id='word_1_248' title='bbox 1287 2708 1330 2744; x_wconf 79' lang='lat' dir='ltr'>fil</span> <span class='ocrx_word' id='word_1_249' title='bbox 1357 2707 1524 2736; x_wconf 83' lang='lat' dir='ltr'>sacerdoti.</span> 
     </span>
     <span class='ocr_line' id='line_1_37' title="bbox 205 2754 968 2790; baseline 0 -8"><span class='ocrx_word' id='word_1_250' title='bbox 205 2754 252 2782; x_wconf 81' lang='lat'>32.</span> <span class='ocrx_word' id='word_1_251' title='bbox 278 2755 332 2782; x_wconf 89' lang='lat' dir='ltr'>AB</span> <span class='ocrx_word' id='word_1_252' title='bbox 352 2754 383 2782; x_wconf 85' lang='lat' dir='ltr'>in</span> <span class='ocrx_word' id='word_1_253' title='bbox 405 2762 519 2789; x_wconf 60' lang='lat' dir='ltr'>marg:</span> <span class='ocrx_word' id='word_1_254' title='bbox 543 2755 692 2790; x_wconf 66' lang='lat' dir='ltr'>Dignitas</span> <span class='ocrx_word' id='word_1_255' title='bbox 712 2755 794 2782; x_wconf 83' lang='lat' dir='ltr'>unde</span> <span class='ocrx_word' id='word_1_256' title='bbox 813 2757 968 2782; x_wconf 74' lang='lat' dir='ltr'>causatur.</span> 
     </span>
    </p>
   </div>
   <div class='ocr_carea' id='block_1_9' title="bbox 197 2837 1523 2939">
    <p class='ocr_par' dir='ltr' id='par_1_9' title="bbox 197 2837 1523 2939">
     <span class='ocr_line' id='line_1_38' title="bbox 276 2837 1523 2881; baseline 0.003 -14"><span class='ocrx_word' id='word_1_257' title='bbox 276 2845 328 2876; x_wconf 83' lang='lat'>24.</span> <span class='ocrx_word' id='word_1_258' title='bbox 357 2837 449 2879; x_wconf 84' lang='lat' dir='ltr'>Opp.</span> <span class='ocrx_word' id='word_1_259' title='bbox 476 2844 561 2871; x_wconf 84' lang='lat' dir='ltr'>tom.</span> <span class='ocrx_word' id='word_1_260' title='bbox 582 2839 623 2875; x_wconf 92' lang='lat' dir='ltr'>V,</span> <span class='ocrx_word' id='word_1_261' title='bbox 653 2838 728 2881; x_wconf 75' lang='lat'><strong>595.</strong></span> <span class='ocrx_word' id='word_1_262' title='bbox 828 2838 880 2870; x_wconf 77' lang='lat'>32.</span> <span class='ocrx_word' id='word_1_263' title='bbox 907 2838 954 2869; x_wconf 85' lang='lat' dir='ltr'>St.</span> <span class='ocrx_word' id='word_1_264' title='bbox 982 2838 1070 2880; x_wconf 86' lang='lat' dir='ltr'>Aug.</span> <span class='ocrx_word' id='word_1_265' title='bbox 1098 2840 1210 2870; x_wconf 78' lang='lat' dir='ltr'>Scrm.</span> <span class='ocrx_word' id='word_1_266' title='bbox 1239 2838 1402 2879; x_wconf 83' lang='lat' dir='ltr'>CCCLV,</span> <span class='ocrx_word' id='word_1_267' title='bbox 1430 2838 1523 2880; x_wconf 87' lang='lat' dir='ltr'>Opp.</span> 
     </span>
     <span class='ocr_line' id='line_1_39' title="bbox 197 2896 814 2939; baseline 0.003 -13"><span class='ocrx_word' id='word_1_268' title='bbox 197 2901 278 2927; x_wconf 88' lang='lat' dir='ltr'>tom.</span> <span class='ocrx_word' id='word_1_269' title='bbox 297 2896 338 2938; x_wconf 90' lang='lat' dir='ltr'>V,</span> <span class='ocrx_word' id='word_1_270' title='bbox 372 2896 454 2938; x_wconf 77' lang='lat'><strong>¹379</strong></span> <span class='ocrx_word' id='word_1_271' title='bbox 491 2896 645 2939; x_wconf 80' lang='lat' dir='ltr'>Loosely</span> <span class='ocrx_word' id='word_1_272' title='bbox 669 2896 814 2938; x_wconf 82' lang='lat' dir='ltr'>quoted.</span> 
     </span>
    </p>
   </div>
  </div>
 </body>
</html>
