2078 3338
227 270 325 297 cm»
339 261 437 313 vm]
628 272 685 302 DE
711 270 993 302 POTESTATE
1019 270 1151 303 PAPE.
1757 270 1770 295 1
1781 271 1804 308 9
1815 270 1829 296 1

228 375 520 423 Antichristi‚
543 379 890 428 persequentes
915 373 1173 414 ecclesiam.
1201 379 1249 414 et
1261 379 1549 427 receperunt

225 446 490 486 mandatum
523 458 548 485 a
569 444 775 485 Domino
812 444 879 484 sic
911 449 1111 484 tractare
1144 445 1309 484 hostes
1333 444 1547 496 ecclesie,

225 529 311 568 pro
358 514 488 555 cuius
531 513 852 567 prosperitate
897 514 1155 554 secundum
1186 513 1465 567 religionem
1499 520 1547 554 et

223 584 575 625 institucionem
620 583 805 633 Christi,
860 583 967 624 dum
1021 588 1155 623 erant
1197 582 1308 635 vivi,
1361 597 1386 623 a
1435 584 1544 623 Deo

192 664 208 696 5
225 655 510 695 zelaverunt.

282 724 415 776 Item,
449 728 582 764 notat
612 724 689 763 lex
727 723 943 776 ecclesie,
977 724 1215 777 quomodo
1244 723 1546 764 Marcellinus
1561 729 1835 799 aufferiffltfflgzm

226 794 481 847 episcopus
519 793 647 833 urbis
681 793 852 844 Rome,
898 792 977 847 qui
1015 793 1140 833 foret
1178 794 1276 833 dux
1308 792 1547 833 christiani
1566 800 1601 827 of
1617 799 1827 829 Marcellinus-

225 863 463 903 exercitus
495 862 781 903 thurificavit
802 862 971 916 ydolis,
1005 868 1055 902 ut
1081 867 1214 915 patet
1235 862 1545 904 distinccione

222 932 350 973 XXI
388 932 520 974 Nunc
556 936 709 973 autem
747 934 918 986 divina,
963 932 1044 973 ubi
1083 932 1196 972 dicit
1232 933 1395 986 glossa
1426 933 1545 974 ordi-

170 1023 209 1044 10
221 1003 349 1043 naria
401 1003 529 1056 quod
587 1004 774 1044 consilio
821 1006 1093 1056 congregato
1144 1003 1374 1055 ‘confessus
1429 1006 1548 1055 quod

221 1073 401 1125 fecerat
444 1077 483 1113 et
525 1074 572 1113 in
615 1086 661 1113 sc
703 1074 803 1114 tulit
832 1074 1107 1114 sentenciam
1151 1074 1464 1126 deposicionis,
1510 1077 1549 1114 et

222 1147 334 1196 post
357 1143 421 1195 (ut
442 1143 568 1195 reor)
603 1148 775 1183 exutus
800 1144 856 1183 ab
879 1143 959 1183 illo
985 1142 1142 1183 officio
1176 1144 1357 1184 veniens
1389 1156 1548 1185 coram

221 1212 532 1263 Dyocleciano‚
578 1212 809 1264 confessus
847 1217 910 1253 est
945 1226 991 1253 sc
1027 1221 1122 1254 esse
1154 1214 1454 1254 christianum
1500 1217 1549 1255 et

221 1287 398 1336 martyr
431 1282 628 1323 effectus
663 1288 755 1331 est;
791 1283 1097 1324 considerans
1122 1283 1245 1324 enim
1274 1297 1404 1323 suam
1426 1284 1545 1323 blas-

168 1352 390 1395 15femam
421 1352 692 1393 vecordiam
724 1352 772 1392 in
803 1358 982 1406 papatu
1015 1359 1061 1393 et
1092 1366 1349 1407 preparans
1383 1366 1434 1393 se
1461 1367 1548 1406 per

223 1422 600 1463 satisfaccionem
633 1423 690 1462 ad
721 1423 1007 1476 martyrium,
1051 1437 1135 1477 pro
1174 1423 1346 1463 nichilo
1380 1422 1548 1463 habuit

221 1491 489 1532 huiusmodi
534 1491 829 1545 dignitatem3
875 1492 1042 1533 diebus
1077 1498 1232 1533 autem
1265 1492 1451 1544 nostris,
1496 1498 1547 1532 ut

220 1561 327 1614 plus
357 1561 661 1602 involverunt
682 1575 734 1602 se
759 1562 957 1602 seculari
980 1561 1185 1603 dominio
1210 1567 1319 1603 sunt
1339 1562 1545 1616 peiores,

222 1631 330 1684 quia
362 1630 575 1671 Christus
618 1644 715 1671 non
759 1632 939 1672 diceret
983 1633 1043 1673 de
1091 1632 1177 1673 eis:
1229 1631 1398 1673 Omnia
1440 1645 1546 1684 que-

164 1719 207 1741 20
221 1713 408 1753 cumque
429 1701 625 1741 dixerint
645 1702 779 1750 vobis,
790 1702 950 1754 facite.
983 1702 1086 1742 Nec
1111 1702 1177 1742 illi
1198 1708 1250 1743 ut
1271 1703 1548 1743 sacerdotes

220 1769 341 1823 legis
380 1770 559 1811 veteris
598 1776 766 1823 putant
802 1773 978 1812 habere
1010 1771 1154 1812 vitam
1186 1777 1464 1826 perpetuam
1500 1772 1548 1812 in

222 1839 465 1893 scriptura,
496 1854 599 1880 cum
623 1854 685 1880 ex
709 1841 808 1881 eius
829 1841 1107 1894 ignorancia
1128 1842 1261 1882 multi
1289 1842 1548 1882 antichristi

103 1918 185 1951 208d
223 1909 396 1949 cadunt
427 1909 474 1949 in
501 1910 669 1950 multas
692 1910 962 1952 blasfemias
991 1910 995 1966 l
1025 1917 1072 1951 et
1095 1925 1157 1951 ex
1179 1911 1411 1964 scripture
1437 1925 1546 1952 con-

221 1984 405 2032 temptu
435 1981 620 2031 multos,
661 1980 740 2033 qui
771 1980 849 2034 pie
881 1980 1049 2021 vivere
1082 1981 1249 2021 volunt
1285 1981 1332 2021 in
1361 1981 1546 2023 Christo

165 2059 205 2092 25
221 2054 582 2102 persequuntur,
613 2050 826 2091 nituntur
854 2050 975 2090 enim
998 2051 1086 2090 viis
1118 2050 1259 2091 variis
1291 2051 1463 2103 facere,
1496 2057 1548 2091 ut

223 2119 474 2159 credantur
518 2121 648 2172 quod
692 2120 785 2160 sint
824 2126 964 2174 caput
1001 2121 1283 2162 universalis
1330 2122 1546 2173 ecclesie,

224 2194 271 2229 et
306 2189 409 2241 ipsa
444 2188 637 2231 indubie
685 2195 758 2231 est
795 2196 908 2231 tunc
942 2204 1046 2231 cum
1077 2191 1269 2244 paribus
1321 2192 1548 2245 acephala

223 2260 382 2312 quoad
411 2258 556 2312 ipsos.

281 2327 379 2369 Sed
430 2328 729 2383 Augustinus
780 2330 827 2370 in
879 2331 955 2370 De
999 2330 1175 2372 Verbis
1223 2331 1417 2372 Domini
1466 2332 1548 2372 ubi

166 2408 207 2439 30
222 2411 379 2451 supra:
419 2399 550 2452 Quid,
581 2399 744 2453 inquit,
777 2401 854 2440 tibi
875 2399 993 2452 fecit
1024 2402 1211 2441 ecclesia
1241 2405 1289 2441 ut
1316 2414 1418 2441 eam
1439 2403 1548 2442 velis

221 2470 556 2520 quodammodo
606 2470 860 2511 decollare?
897 2472 984 2522 qm',
1031 2470 1194 2524 inquit,
1230 2472 1296 2511 sic
1326 2473 1548 2511 decollare

294 2651 318 2679 6-
352 2651 406 2678 AB
435 2651 465 2678 in
496 2660 609 2687 marg:
640 2652 843 2681 Marcellinus
869 2661 953 2687 papa
978 2653 1183 2688 ydolatravit.
1262 2662 1305 2681 12.
1337 2654 1377 2681 B:
1407 2657 1542 2682 exustus.

227 2696 271 2724 18.
294 2696 412 2725 Codd.:
435 2698 466 2724 in
486 2698 633 2725 seculari.
708 2699 757 2727 26.
779 2699 832 2726 AB
854 2708 934 2735 arg:
960 2700 1059 2732 Caput
1078 2700 1214 2727 ecclesie,

292 2791 323 2824 (J.
352 2781 434 2823 Cap.
464 2782 532 2814 VII.
574 2782 626 2815 Cf.
660 2783 823 2814 Glossam
856 2784 1070 2815 ordinariam
1103 2785 1156 2817 ed.
1183 2786 1269 2817 Ven.
1299 2784 1397 2828 1595,
1429 2795 1462 2826 p.
1490 2794 1546 2827 91.

229 2848 277 2881 19.
304 2838 424 2870 Matth.
449 2840 566 2873 XXIII.
593 2848 624 2880 3.
723 2841 775 2874 30.
803 2842 916 2874 Serm.
936 2841 1058 2873 CXXX
1078 2842 1129 2873 De
1147 2842 1251 2874 Verb.
1269 2841 1349 2874 Joh.
1366 2843 1424 2875 VI.
1451 2842 1544 2884 Opp.

221 2901 306 2927 torn.
333 2897 373 2938 V,
401 2896 478 2938 637.
576 2899 629 2930 31.
656 2899 779 2930 Sermo
805 2899 926 2931 XLVI.
955 2899 1048 2942 Opp.
1073 2906 1159 2933 torn.
1185 2901 1226 2940 V,
1255 2902 1334 2934 230.
