2078 3338
206 266 295 295 CAP.
321 255 390 313 nr]
610 269 669 300 DE
695 268 976 301 POTESTATE
1002 269 1133 302 PAPE.

205 373 414 414 membra
450 372 608 413 matris
643 372 859 422 ecclesie,
898 374 1027 426 quod
1062 373 1270 414 officium
1302 375 1528 428 pertinuit

206 443 352 483 Petro
382 442 613 495 primarie.
642 442 784 483 Unde
812 443 1019 483 Actuum
1040 443 1075 493 I,
1113 457 1158 495 15
1196 443 1370 498 legitur
1398 446 1527 497 quod

89 513 168 558 173cl
207 519 451 566 exsurgens
481 512 645 553 Petrus
672 510 676 567 Ι
704 514 752 553 in
790 514 938 553 medio
966 513 1185 565 fratrum
1223 515 1416 555 ostendit
1441 528 1529 568 per

204 584 486 635 scripturam
533 583 695 623 veteris
740 584 993 625 testamenti
1042 585 1160 636 quod
1211 587 1383 636 oportet
1434 586 1526 625 loeo

173 655 188 686 5
212 652 337 693 Yude
387 653 643 705 proditoris
701 653 847 694 alium
906 654 1166 705 episcopum
1203 654 1382 706 eligere,
1448 653 1529 707 qui

204 721 426 775 suppleat
447 721 578 762 vices
610 734 736 767 suas;
772 726 819 762 et
850 721 918 761 sic
950 723 1208 762 secundum
1235 721 1528 776 prioritatem

207 790 448 845 dignitatis
501 790 760 831 celebravit
811 791 1100 831 eleccionem
1140 791 1332 832 Mathie.
1396 791 1527 844 Item,

205 860 311 903 Act.
333 860 393 911 II,
424 875 470 911 ¹4
502 861 678 915 legitur
721 861 958 914 quomodo
991 861 1154 902 Petrus
1178 874 1282 902 curn
1314 862 1527 902 undecim

205 931 392 971 elevavit
422 942 573 971 vocem
604 943 741 971 suam
779 931 962 982 loquens
994 944 1082 984 pro
1121 932 1333 972 omnihus
1365 937 1529 972 contra

153 999 507 1052 ¹0imponentes
552 999 619 1040 eis
653 1000 944 1053 ebrietatem,
990 1001 1249 1041 ostendens
1290 1014 1351 1040 ex
1384 1002 1527 1055 scrip-

204 1075 309 1110 tura
349 1070 479 1123 quod
522 1069 583 1110 sit
626 1070 882 1123 spiritualis
925 1070 1137 1124 replecio
1181 1084 1268 1124 per
1301 1069 1528 1124 Spiritum

207 1138 431 1181 Sanctum
459 1139 656 1180 Yohelis
688 1139 761 1180 ΠΙ
793 1141 1053 1194 prelocuta.
1085 1142 1216 1193 Item,
1250 1140 1359 1182 Act.
1383 1139 1438 1190 IL
1473 1155 1522 1193 31

207 1215 558 1263 consequenter
600 1210 867 1263 predicavit
908 1210 1072 1261 Judeis
1104 1212 1158 1251 de
1188 1212 1528 1251 resurreccione

208 1285 256 1321 et
286 1279 497 1334 predixit
529 1280 596 1320 eis
628 1293 714 1333 pre
746 1280 963 1321 omnibus
1000 1280 1229 1334 apostolis
1264 1280 1376 1334 quid
1400 1285 1529 1321 esset

153 1350 189 1382 15
207 1350 274 1390 eis
317 1350 637 1390 necessarium
682 1351 739 1390 ad
782 1351 993 1402 salutem,
1049 1356 1098 1391 et
1147 1350 1269 1391 infra
1320 1350 1526 1403 capitulo

205 1419 370 1471 tercio,
408 1434 440 1472 1,
476 1433 513 1472 2,
558 1419 704 1460 Petro
752 1426 798 1461 et
829 1420 1043 1472 Johanne
1077 1420 1444 1461 ascendentibus
1481 1419 1529 1459 in

205 1490 433 1543 templum
464 1489 637 1530 Petrus
679 1490 843 1531 habuit
885 1490 1234 1544 preposituram
1267 1488 1529 1531 locucionis

205 1559 252 1600 in
286 1559 438 1599 claudi
470 1559 724 1600 sanacione
757 1560 882 1600 sicut
914 1566 961 1601 et
991 1559 1456 1614 prenominacionem
1482 1559 1530 1599 in

206 1628 328 1669 serie
373 1629 620 1683 scripture,
663 1629 837 1670 Petrus
884 1630 1032 1670 eciam
1076 1644 1164 1683 pro
1211 1629 1427 1670 omnibus
1458 1641 1529 1669 re-

149 1709 190 1731 20
206 1699 401 1752 spondit
432 1698 785 1753 magistratibus
818 1700 996 1753 templi,
1028 1705 1080 1740 ut
1110 1705 1244 1753 patet
1264 1700 1373 1740 Act.
1404 1699 1527 1752 capi-

205 1768 303 1808 tulo
338 1767 420 1821 IV,
455 1773 503 1808 et
533 1781 621 1821 pro
657 1768 874 1809 omnibus
913 1769 1115 1822 protulit
1146 1768 1309 1809 mortis
1344 1774 1528 1809 senten-

206 1837 322 1877 ciam
343 1837 391 1877 in
412 1836 643 1878 Ananiam
668 1842 717 1878 et
739 1836 996 1891 Saphiram‚
1021 1843 1072 1878 ut
1088 1843 1223 1891 patet
1239 1838 1285 1878 V
1305 1837 1527 1891 capitulo,

205 1912 252 1947 et
274 1905 340 1947 sic
361 1906 408 1947 in
424 1905 682 1961 Symonem
704 1920 904 1960 magum,
927 1907 1036 1948 Act.
1051 1907 1183 1949 VIII.
1197 1907 1329 1959 Item,
1351 1907 1398 1947 in
1422 1921 1529 1948 con-

205 1976 308 2016 silio
330 1976 552 2031 generali,
577 1976 635 2016 de
652 1989 746 2029 quo
762 1977 867 2018 Act.
891 1975 1002 2029 XV,
1023 1976 1196 2017 Petrus
1218 1976 1418 2030 protulit
1438 1990 1528 2030 pro

148 2048 188 2081 25
206 2045 422 2086 omnibus
455 2045 746 2087 sentenciam
779 2047 908 2098 quod
949 2046 1171 2086 conversi
1210 2059 1272 2086 ex
1303 2046 1528 2099 gentibus

204 2129 300 2156 non
352 2116 558 2156 debeant
610 2115 877 2156 circumcidi
927 2129 1017 2156 nec
1068 2115 1192 2169 legis
1250 2115 1528 2157 cerimonias

204 2187 469 2226 observare.
514 2185 677 2226 Talem
723 2190 878 2225 autem
910 2185 1261 2239 preposituram
1298 2199 1529 2239 usurpare

205 2268 299 2295 non
356 2260 656 2308 presumeret
713 2260 807 2295 tam
859 2261 1048 2296 sanctus
1109 2256 1358 2308 apostolus
1415 2261 1530 2309 post

204 2324 475 2365 missionem
498 2323 662 2366 Sancti
684 2323 889 2377 Spiritus
913 2325 1128 2365 docentis
1158 2325 1315 2378 ipsum
1344 2338 1530 2366 omnem

148 2397 190 2429 30
204 2393 451 2435 veritatem
475 2400 523 2435 et
545 2393 862 2434 confirmantis
885 2394 933 2434 in
954 2394 1060 2448 ipso
1085 2408 1270 2435 omnem
1294 2408 1319 2434 a
1341 2394 1528 2435 Christo

203 2464 479 2505 instructam
514 2463 833 2516 humilitatem,
865 2464 955 2504 nisi
988 2464 1132 2505 sciret
1163 2464 1408 2518 pertinere
1441 2477 1528 2504 suo

205 2533 363 2574 officio
410 2533 628 2586 accipere
672 2533 1033 2588 magnanimiter
1074 2534 1343 2574 huiusmodi
1375 2533 1528 2588 digni-

204 2608 362 2656 tatem,
409 2616 500 2656 que
545 2603 735 2644 videtur
780 2603 1055 2657 specificata
1099 2618 1124 2644 a
1163 2604 1351 2645 Christo
1382 2604 1527 2645 Math.

278 2762 305 2790 3.
337 2762 375 2790 B:
406 2763 541 2791 ostendit
566 2763 662 2791 deest.
757 2773 800 2798 14.
831 2763 949 2791 Codd.:
974 2771 1037 2799 pro
1066 2764 1216 2791 omnibus.
1315 2764 1364 2792 25.
1396 2764 1435 2792 B:
1465 2764 1530 2792 exi-

209 2809 364 2844 gentibus.

278 2899 330 2924 12.
361 2891 467 2923 Recte
492 2892 570 2924 Joel
596 2892 636 2936 11,
663 2891 716 2924 28.
819 2894 867 2926 13.
894 2894 1158 2926 resurreccione
1184 2904 1229 2927 sc.
1256 2892 1396 2927 Christi.

1764 276 1814 315 53

1552 605 1667 632 l'etcr's
1688 607 1753 633 lead
1776 607 1806 634 in

1614 641 1742 676 electing

1600 676 1756 710 Matthias,

1584 954 1643 981 and
1665 962 1704 981 on
1726 956 1776 982 thc

1621 990 1681 1024 day
1701 990 1736 1017 ot*

1594 1023 1766 1051 Pentecost.

1598 1546 1603 1550 .
1632 1511 1730 1538 Other

1597 1550 1765 1573 mstances.
