2078 3338
264 286 340 323 134

983 278 1207 311 JOHANNIS
1233 277 1419 309 WYCLIF
1680 265 1788 317 [CAP.
1808 272 1861 301 VI.

546 385 690 425 multe
731 389 840 424 sunt
875 383 1010 437 leges
1048 380 1328 434 huiusmodi,
1374 393 1465 434 que
1503 393 1666 421 omnes
1697 379 1863 421 intelli-

547 460 722 509 guntur
755 454 882 507 quod
916 466 1053 493 nemo
1078 453 1222 493 debet
1244 450 1488 504 illegitime
1517 450 1707 491 fratrem
1729 463 1864 490 suum

549 524 809 577 corripere,
840 536 936 563 non
969 522 1090 563 enim
1117 521 1332 562 subiacet
1355 519 1644 561 ordinacioni
1663 520 1864 560 humane

550 593 905 646 correpcionem
941 592 1193 633 fraternam
1235 604 1371 645 quam
1410 589 1622 631 Christus
1660 589 1866 643 precipit

547 663 715 704 Matth.
753 661 927 703 XVIII
965 675 1065 715 cap.
1102 661 1373 715 prohibere.
1435 659 1536 700 Nec
1575 660 1721 700 debet
1761 658 1898 712 quis5

551 738 830 786 attemptare
896 731 1136 785 corripere
1204 744 1339 771 suum
1408 729 1714 783 prepositum,
1777 728 1867 769 nisi

548 808 748 857 propter
786 801 1024 842 defectum
1061 800 1310 852 notorium,
1355 813 1496 853 quem
1531 799 1690 840 dicere
1724 799 1868 839 debet

551 871 768 924 ecclesie,
825 872 1012 924 quando
1057 870 1332 924 prepositus
1374 869 1561 910 notorie
1614 868 1793 909 excidit
1844 881 1869 908 a

549 941 738 982 racione
782 940 929 994 patris
974 945 1022 980 et
1052 938 1270 993 pastoris.
1317 938 1515 992 Quando
1561 938 1744 978 scilieet
1780 950 1867 977 nec

551 1010 705 1064 gignit
737 1023 826 1050 nec
858 1010 993 1049 fovet
1025 1009 1264 1049 subditum
1291 1010 1442 1049 verbo
1464 1008 1571 1060 Dei,
1603 1013 1714 1048 tunc
1747 1006 1869 1047 enim
1889 1016 1927 1037 10

553 1086 627 1121 est
657 1085 753 1120 tam
786 1092 961 1133 expers
993 1078 1197 1119 racionis
1229 1077 1379 1132 patris
1413 1091 1549 1132 quam
1589 1090 1764 1131 expers
1797 1082 1870 1118 est

554 1149 752 1203 quilibet
784 1163 809 1189 a
841 1162 1141 1202 quocumque
1172 1148 1322 1202 patris
1347 1161 1493 1201 opere
1517 1147 1713 1200 alienus,
1745 1148 1869 1188 unde

552 1223 755 1272 peccant
797 1217 877 1271 qui
918 1217 1210 1259 mendaciter
1244 1218 1370 1258 ⁴tales
1426 1223 1587 1271 patres
1628 1217 1872 1258 nominant

554 1288 632 1328 vel
662 1293 894 1342 pastores.
928 1287 1026 1329 Sed
1057 1293 1108 1328 ut
1139 1288 1394 1341 procedam
1423 1286 1427 1342 J
1454 1287 1607 1327 minus
1637 1286 1870 1328 intricabi-
1914 1280 1992 1326 194¹³

278 1368 344 1396 Our
364 1368 465 1394 attack
484 1375 524 1394 on
553 1357 662 1398 liter
694 1363 742 1398 et
762 1356 997 1397 remocius
1021 1371 1049 1397 a.
1069 1357 1230 1397 verbis
1255 1357 1474 1410 scandali,
1498 1356 1709 1397 securius
1732 1369 1872 1397 servo
1892 1352 1928 1385 15

269 1404 318 1442 the
337 1403 542 1438 pseudopope

273 1447 299 1465 1s
319 1442 374 1465 not
394 1437 536 1472 personal
556 1440 629 1467 me
643 1427 691 1467 in
713 1427 872 1467 verbis
888 1426 1187 1482 generalibus
1204 1432 1251 1467 et
1268 1426 1684 1476 condicionalibus,
1707 1440 1800 1480 que
1815 1426 1874 1466 ad

284 1476 391 1507 except
410 1477 440 1499 to
460 1479 520 1507 any

279 1508 350 1534 who
369 1506 443 1534 feels
463 1507 527 1534 that
558 1496 836 1537 auditorium
870 1502 919 1538 et
938 1510 1191 1551 personam
1211 1496 1281 1537 rei
1303 1497 1480 1537 debent
1507 1496 1707 1537 faciliter
1729 1496 1874 1550 appli-

315 1543 338 1569 it
357 1542 405 1569 fits
427 1541 501 1568 him.

560 1567 652 1607 cari
691 1566 947 1607 efficaciter
978 1567 1037 1607 ad
1069 1572 1313 1619 errantem,
1353 1572 1405 1607 ut
1440 1567 1595 1607 nullus
1632 1579 1756 1620 papa
1787 1565 1876 1606 nisi

555 1636 680 1677 forte
723 1636 814 1677 sibi
858 1636 1073 1677 conscius
1117 1636 1382 1690 imponeret
1424 1636 1514 1676 sibi
1549 1635 1764 1676 raciones
1797 1636 1873 1676 de-

559 1707 753 1746 claratas
777 1706 995 1760 superius
1018 1706 1273 1746 convenire
1298 1705 1645 1747 autonomatice
1671 1706 1873 1759 pseudo·
1891 1711 1932 1732 20

558 1789 694 1829 pape.
726 1775 866 1816 Unde
898 1789 992 1816 non
1026 1775 1299 1816 evidencius
1331 1781 1498 1829 posset
1526 1775 1631 1829 quis
1654 1774 1876 1815 scandali-

559 1858 663 1885 zare
707 1858 759 1886 se
800 1845 968 1899 ipsum,
1013 1859 1150 1899 quam
1193 1845 1284 1886 sibi
1327 1845 1564 1899 applicare
1610 1845 1711 1885 sine
1753 1844 1876 1898 pluri

560 1916 668 1956 data
705 1914 951 1956 evidencia
981 1917 1179 1956 verbum
1209 1915 1476 1956 huiusmodi
1512 1915 1746 1968 generale.
1798 1912 1876 1955 Sic

562 1984 683 2024 enim
716 1984 934 2026 exierunt
963 1985 1233 2038 incipiendo
1267 1998 1292 2025 a
1325 1984 1589 2025 senioribus
1624 1985 1877 2025 adulteram

562 2059 835 2095 accusantes
857 2055 960 2106 Joh.
976 2054 1106 2096 VIII.
1131 2053 1210 2095 Sic
1234 2060 1281 2095 et
1302 2055 1575 2095 sacerdotes
1598 2059 1645 2094 et
1666 2053 1878 2094 Pharisei
1893 2048 1932 2081 23

563 2130 890 2178 cognoverunt
934 2124 1064 2177 quod
1097 2123 1311 2165 Christus
1356 2124 1414 2164 de
1457 2123 1574 2177 ipsis
1620 2123 1801 2164 diceret
1830 2122 1878 2162 in

563 2193 659 2233 suis
680 2193 932 2246 parabolis,
962 2193 1129 2236 Matth.
1161 2193 1301 2234 XXI.
1337 2193 1478 2246 Quod
1509 2193 1549 2234 si
1569 2192 1879 2247 probabiliter

565 2277 855 2317 cognovero,
872 2264 1000 2317 quod
1020 2263 1270 2317 predicans
1287 2263 1493 2317 applicat
1515 2264 1573 2304 ad
1592 2276 1666 2303 me
1680 2264 1878 2303 verbum

562 2332 828 2373 huiusmodi
859 2334 1094 2386 generale,
1135 2333 1414 2374 examinabo
1449 2332 1599 2386 primo
1633 2331 1879 2373 veritatem

565 2403 819 2455 sentencie,
866 2403 1074 2444 secundo
1118 2408 1271 2444 utrum
1314 2402 1361 2443 in
1398 2404 1489 2443 hoc
1521 2416 1622 2443 sum
1661 2402 1878 2443 conscius
1895 2399 1936 2432 30

564 2472 703 2513 michi
731 2472 835 2526 ipsi.
866 2472 928 2513 Et
958 2472 1107 2514 tercio
1139 2472 1417 2513 festinanter
1446 2472 1593 2513 instar
1622 2486 1696 2513 me
1726 2472 1880 2526 ipsum

568 2543 806 2596 corrigere
845 2548 892 2583 et
922 2543 1169 2584 reddendo
1199 2543 1306 2583 Deo
1339 2542 1521 2596 gracias
1552 2543 1701 2583 verba
1738 2555 1879 2596 gene-

565 2613 679 2653 ralia
715 2612 835 2653 nitar
873 2612 1101 2666 equaliter
1137 2614 1369 2666 tollerare,
1408 2612 1515 2666 quia
1551 2611 1686 2653 nimis
1725 2617 1880 2652 osten-

569 2683 684 2723 dunt
716 2695 845 2723 suam
877 2683 1140 2734 stulticiam,
1174 2682 1253 2736 qui
1285 2696 1347 2723 ex
1377 2681 1549 2723 talibus
1571 2681 1731 2722 verbis
1760 2694 1880 2722 com-

644 2853 686 2883 13.
710 2854 747 2882 B:
766 2857 873 2890 patres
894 2855 986 2885 deest.
1082 2854 1125 2884 16.
1148 2854 1184 2882 B:
1205 2857 1236 2881 et
1254 2854 1348 2884 deest.
1424 2861 1466 2890 17,
1489 2853 1528 2883 B:
1549 2856 1579 2882 et
1597 2853 1652 2882 rei.
1695 2853 1738 2884 16.
1761 2850 1878 2881 Codd.:

570 2901 611 2928 ad
631 2901 725 2929 deest.
