2078 3338
269 238 345 277 188

286 707 387 735 There
406 708 433 735 is
453 712 507 735 not

323 751 381 770 one
402 743 465 770 sole

272 777 445 805 Antichrist
465 778 519 805 but

346 820 448 848 many.

309 1531 484 1560 Antichrist

256 1568 342 1595 seeks
361 1567 412 1595 the
432 1568 534 1603 praise

291 1603 326 1629 of
343 1611 413 1630 man
437 1604 494 1629 and

286 1642 340 1664 not
361 1636 396 1664 of
414 1637 494 1665 God.

991 250 1215 282 JOHANNIS
1241 250 1426 282 WYCLIF
1660 241 1765 292 [CAP.
1787 250 1869 278 vm.

551 366 640 394 non
669 354 859 406 pedibus
888 355 967 395 sed
997 355 1151 404 corde,·
1180 354 1259 395 ubi
1289 355 1572 406 evangelium
1604 357 1774 408 andivi,
1807 357 1868 396 ibi

552 423 739 471 credidi,
777 426 816 464 et
846 424 942 464 ille:
973 423 1075 464 Non
1107 436 1152 464 es
1173 424 1385 465 mundns.
1424 423 1608 476 Quare?
1638 426 1746 477 qnia
1779 437 1867 465 non

550 491 633 544 fni
663 493 734 534 ibi.
779 492 884 533 Hec
915 492 1222 547 Augustinus.
1265 493 1327 533 Et
1357 499 1501 546 patet,
1543 507 1647 534 cum
1679 494 1867 547 opposi-

551 567 704 602 torum
728 568 798 602 est
828 563 990 603 eadem
1014 562 1271 616 disciplina,
1303 562 1622 604 Antichristus
1646 569 1798 604 autem
1823 570 1869 604 et

552 630 765 672 Christus
810 637 919 672 sunt
961 632 1183 685 oppositi,
1229 637 1421 685 oportet
1465 633 1592 685 quod
1636 633 1901 686 scriptura5

552 700 855 741 condiciones
909 700 1081 742 Christi
1133 702 1379 755 detegens,
1430 702 1660 743 indirecte
1713 703 1866 742 condi-

551 769 714 810 ciones
760 771 955 824 detegat
986 770 1276 812 Antichristi.
1321 770 1437 811 Ideo
1471 771 1584 812 dicit
1616 771 1868 825 capitulum

549 839 814 892 predictum
847 840 906 880 de
939 840 1250 880 Antichristo:
1285 839 1569 882 Scrutamini
1598 842 1866 894 scripturas,

548 910 656 961 qnia
686 910 864 962 putatis
894 910 941 950 in
978 910 1071 950 illis
1107 910 1267 950 habere
1297 911 1440 951 vitam
1478 913 1694 961 eternam,
1725 914 1763 951 et
1794 911 1869 951 ille

546 982 651 1019 snnt
681 990 762 1031 qne
792 980 1101 1020 testimoninm
1131 980 1360 1031 perhibent
1390 980 1444 1019 de
1475 992 1558 1021 me.
1590 979 1729 1019 Unde
1762 980 1866 1020 red·
1887 994 1925 1015 10

548 1047 778 1101 arguendi
821 1053 930 1089 sunt
972 1048 1207 1102 fingentes
1253 1048 1381 1102 quod
1419 1049 1570 1088 solum
1616 1048 1705 1089 erit
1747 1062 1866 1089 unus

549 1116 882 1171 Antichristus,
907 1117 1327 1171 quiprocreabitur
1350 1131 1412 1158 ex
1432 1117 1575 1158 fratre
1599 1123 1646 1158 et
1666 1117 1866 1170 moniali,

547 1186 654 1240 quia
697 1193 877 1228 certum
921 1193 996 1228 est
1039 1189 1168 1241 quod
1212 1188 1362 1228 omnis
1407 1188 1729 1241 dampnandus
1781 1187 1868 1228 erit

545 1256 878 1311 Antichristus,
912 1263 959 1297 et
992 1257 1225 1311 scriptura
1257 1258 1398 1298 docet
1428 1270 1517 1298 nos
1549 1257 1616 1297 sic
1647 1258 1779 1311 loqui
1808 1258 1866 1298 de

544 1326 643 1378 illo;
681 1326 789 1367 ideo
822 1326 983 1367 fabule
1021 1328 1141 1367 tales
1175 1327 1331 1368 celant
1361 1327 1533 1368 multos
1547 1326 1865 1368 Antichristos
1886 1333 1922 1364 15

547 1404 594 1437 et
630 1396 824 1450 palliant
863 1410 1024 1437 eorum
1063 1396 1318 1450 versucias,
1357 1397 1424 1438 sic
1463 1397 1592 1450 quod
1625 1396 1864 1437 incaucius

545 1471 874 1519 precaventur.

605 1535 821 1576 Tercium
836 1536 1156 1577 testimonium
1177 1537 1422 1577 notificans
1436 1536 1718 1578 Antichristi
1732 1536 1865 1577 disci-

546 1606 686 1658 pulos
720 1612 805 1660 est,
839 1607 968 1659 quod
1000 1607 1093 1648 sint
1125 1607 1322 1660 gloriam
1351 1608 1408 1647 ab
1440 1606 1643 1647 invicem
1667 1620 1866 1660 exspec-

544 1679 698 1715 tantes
732 1682 779 1716 et
810 1675 1020 1729 gloriam,
1054 1689 1146 1729 que
1180 1689 1205 1716 a
1237 1677 1339 1716 solo
1370 1677 1476 1717 Deo
1512 1682 1595 1729 est,
1626 1689 1721 1717 non
1753 1690 1863 1730 que·
1880 1688 1924 1711 20

541 1750 714 1795 rentes,
747 1750 800 1786 ut
828 1745 970 1785 docet
990 1745 1180 1786 Veritas
1201 1746 1306 1797 Joh.
1330 1745 1396 1795 V3
1428 1759 1533 1785 nam
1564 1745 1612 1786 in
1633 1746 1725 1785 hoc
1758 1751 1866 1786 sunt

543 1812 728 1855 Christo
763 1815 998 1866 contrarii,
1032 1816 1113 1869 qui
1142 1816 1371 1856 instanter
1400 1815 1515 1856 fecit
1545 1821 1680 1856 actus
1710 1815 1864 1855 iustis-

541 1882 698 1930 simos,
751 1890 799 1925 et
850 1885 1277 1938 correspondenter
1319 1885 1377 1925 ad
1415 1884 1521 1925 illos
1565 1883 1866 1938 exspectavit

539 1952 737 2006 gloriam
770 1967 795 1994 a
826 1954 929 1994 solo
961 1954 1081 1995 Deo.
1136 1954 1275 1995 Unde
1318 1954 1366 1994 in
1403 1954 1621 2007 predicto
1656 1954 1862 2007 capitulo

539 2021 763 2072 Johannis
797 2023 855 2063 de
886 2023 1196 2065 Antichristo:
1234 2023 1393 2076 Amen,
1425 2036 1559 2064 amen
1591 2024 1690 2064 dico
1728 2024 1919 2076 vohis,25

540 2103 628 2132 non
660 2095 806 2145 potest
836 2093 974 2144 filins
1011 2106 1039 2134 a
1077 2106 1123 2134 se
1153 2095 1252 2147 ipso
1278 2093 1442 2146 facere
1474 2094 1729 2146 quicquam,
1772 2093 1864 2134 nisi

540 2162 657 2212 qnod
677 2163 842 2203 viderit
856 2166 1041 2215 patrem
1052 2162 1317 2216 facientem.
1348 2162 1424 2202 Ex
1446 2176 1540 2216 quo
1570 2167 1703 2216 patet
1734 2162 1862 2215 quod

542 2236 736 2283 oportet
780 2232 934 2272 omnia
978 2246 1126 2286 opera
1159 2232 1331 2274 Christi
1375 2245 1482 2273 esse
1516 2231 1782 2282 iustissima,
1816 2236 1863 2271 et

541 2299 609 2340 sic
640 2300 919 2356 intelligitur
951 2302 1204 2343 auctoritas
1239 2301 1410 2343 Christi
1442 2314 1666 2355 sequens:
1695 2300 1699 2356 Ι
1727 2300 1859 2342 Indi-
1901 2306 1982 2337 208⁸·

541 2370 663 2411 cium
695 2383 848 2412 meum
880 2372 1053 2413 instmn
1076 2375 1150 2425 est,
1183 2372 1293 2424 qnia
1313 2383 1402 2412 non
1424 2384 1561 2425 qnero
1585 2372 1860 2412 voluntatem
1877 2376 1919 2408 30

540 2452 693 2480 meam
730 2441 809 2481 sed
844 2442 1119 2482 voluntatem
1151 2442 1260 2495 eins,
1298 2442 1376 2493 qni
1412 2441 1536 2481 misit
1573 2453 1657 2494 me,
1689 2441 1859 2494 patris.

540 2508 601 2548 Et
641 2514 776 2562 patet
813 2509 988 2552 veritas
1033 2510 1346 2551 connexionis
1385 2509 1646 2563 sequentis:
1683 2508 1734 2550 Si
1767 2523 1859 2563 ego

613 2688 634 2710 1.
668 2681 729 2716 ibi;
759 2682 845 2710 cod.:
879 2684 918 2710 et.
1006 2690 1036 2717 4.
1069 2683 1113 2710 A:
1147 2682 1253 2710 eadem
1284 2682 1381 2709 deest.
1477 2680 1520 2709 18.
1553 2682 1582 2709 A
1614 2681 1645 2708 in
1678 2688 1793 2716 marg.:
1825 2688 1859 2716 3.

543 2736 593 2756 22.
614 2728 761 2763 B:facit.

614 2812 644 2844 3.
686 2812 794 2844 Serm.
823 2811 959 2843 CXXIX
985 2811 1007 2844 l.
1034 2821 1061 2844 c.
1146 2810 1175 2843 8.
1220 2810 1297 2844 Joh.
1338 2811 1379 2851 V,
1423 2811 1476 2854 39.
1551 2811 1602 2843 25.
1630 2809 1705 2844 Joh.
1733 2810 1774 2850 V,
1808 2820 1856 2854 19.

545 2879 597 2912 29.
624 2869 702 2902 Joh.
732 2870 770 2908 V,
799 2870 850 2903 30.
