2078 3338
256 276 337 325 336
979 280 1203 312 JOHANNJS
1229 279 1415 311 WYCLIF
1659 267 1765 324 [cm.
1792 278 1859 305 ΧΠ,

544 386 678 425 locus
711 398 736 424 a
768 383 904 425 simili
937 389 1101 437 captus
1135 397 1160 424 a
1190 383 1351 438 laycis,
1391 383 1500 436 quia
1538 388 1585 423 et
1614 384 1706 423 hoc
1738 383 1862 424 foret

545 454 592 495 in
615 454 815 495 seculari
838 453 1146 507 dampnabile,
1179 458 1227 493 et
1258 453 1488 493 mundana
1520 452 1748 493 securitas
1769 452 1862 493 Dei

547 524 732 565 adiecta
773 523 821 564 in
863 523 969 577 ipso
1016 528 1090 563 est
1133 523 1259 563 licita
1298 527 1345 563 et
1375 535 1471 562 non
1510 521 1576 562 sic
1606 521 1655 562 in
1688 522 1859 562 clerico

544 594 666 648 legis
701 592 885 634 Christi.
932 592 1126 634 Clericis
1160 592 1282 632 enim
1313 592 1436 645 legis
1468 591 1656 644 veteris,
1690 592 1861 645 quibus

544 663 876 717 imponebatur
907 662 1118 717 sarcina}
1146 661 1485 713 intollerabilis,
1524 661 1712 702 suffecit
1750 675 1863 715 pars
1902 664 1984 707 244d

545 732 739 773 Domini
771 734 831 773 de
865 732 1071 782 decimis,
1103 731 1430 773 oblacionibus
1464 736 1512 772 et
1542 730 1740 785 privatis
1774 731 1863 771 ele-

544 802 752 855 mosinis,
788 808 834 843 et
862 802 1007 843 tercia
1038 815 1146 855 pars
1179 801 1342 842 stricta
1374 800 1566 841 suffecit
1598 800 1782 841 Christo
1817 806 1865 841 et

546 872 642 912 suis
675 871 919 926 apostolis.
973 871 1126 912 Nobis
1159 876 1314 911 autem
1345 884 1441 911 non
1479 870 1653 911 sufficit
1686 869 1865 910 decima

546 955 655 996 pars
686 942 879 983 Domini
911 942 1128 996 ampliata
1160 940 1421 995 proditorie
1456 946 1504 981 et
1534 940 1718 980 iudaice
1751 953 1864 980 ven-

549 1012 715 1053 dicata.
749 1011 846 1054 Sed
877 1011 1069 1052 terciam
1101 1016 1286 1065 partem
1314 1009 1586 1064 prediorum
1617 1009 1864 1063 laycalium
1885 1026 1924 1047 10

548 1095 609 1121 ex
641 1081 778 1122 titulo
810 1081 1132 1136 possessionis
1168 1080 1340 1121 Christi
1377 1079 1668 1120 mendaciter
1705 1079 1864 1119 vendi-

547 1165 717 1206 camus,
762 1157 811 1192 et
855 1165 917 1192 ex
960 1165 1053 1191 uno
1098 1152 1245 1192 latere
1293 1163 1395 1190 cum
1428 1149 1566 1190 bonis
1604 1162 1866 1202 pauperum

548 1235 748 1275 quorum
778 1234 938 1262 sumus
969 1220 1084 1261 nudi
1114 1226 1467 1274 procuratores,
1509 1232 1604 1259 non
1634 1220 1866 1259 habentes

547 1305 572 1332 a
610 1291 815 1332 Domino
860 1292 919 1331 ad
961 1291 1053 1331 hoc
1096 1289 1490 1344 procuratorium,
1532 1287 1867 1342 possessiones

548 1362 786 1402 seculares
816 1360 1111 1401 incessanter
1141 1359 1470 1414 perquirimus.
1516 1359 1592 1398 Ex
1629 1357 1718 1398 alio
1750 1369 1867 1398 vero
1889 1364 1924 1396 15

548 1432 696 1473 latere
720 1431 1019 1472 extendimus
1043 1429 1402 1483 magnificantes
1425 1427 1711 1469 tradiciones
1725 1426 1868 1468 homi-

282 1522 415 1550 Cmisps
435 1522 511 1549 13W5
549 1515 659 1542 num
699 1514 790 1554 que
824 1505 1044 1554 questum
1083 1499 1285 1553 sapiunt,
1318 1504 1365 1539 et
1398 1511 1459 1538 ex
1489 1498 1598 1538 hinc
1632 1498 1689 1538 ad
1720 1510 1868 1551 grave

284 1557 501 1628 setggfjiffilfffl
553 1572 806 1624 dampnum
859 1569 1060 1611 ecclesie
1115 1574 1188 1609 est
1244 1568 1350 1622 ipsa
1399 1569 1480 1608 lex
1531 1567 1624 1608 Dei
1679 1566 1870 1607 nimium

310 1627 483 1655 tradimus·
550 1640 870 1694 pretermissa.
902 1639 1117 1680 Dicimus
1151 1638 1273 1679 enim
1306 1639 1435 1692 quod
1465 1639 1640 1678 nedum
1673 1644 1744 1677 est
1775 1635 1869 1676 lici-

548 1716 645 1751 tum
690 1710 777 1751 sed
818 1708 1138 1750 necessarium
1182 1713 1376 1762 propter
1419 1707 1664 1748 consilium
1698 1704 1871 1746 cesaris
1887 1722 1929 1745 20

547 1786 844 1835 postponere
862 1779 1035 1820 Christi
1058 1778 1266 1831 consilia,
1288 1778 1374 1818 sed
1395 1777 1665 1818 necessario
1681 1779 1872 1830 oportet

551 1851 681 1904 quod
710 1850 792 1891 fiat
814 1848 1116 1903 dispensacio
1149 1862 1254 1889 cum
1275 1847 1364 1888 illis
1387 1846 1726 1888 tradicionibus
1759 1859 1870 1887 onu-

552 1920 686 1961 statis
739 1932 854 1974 quas
901 1918 1115 1960 Christus
1166 1917 1380 1970 instituit,
1434 1918 1521 1958 sed
1571 1930 1676 1957 cum
1732 1917 1871 1956 dona-

554 1990 769 2031 cionibus
798 1988 1039 2030 hominurn
1063 1994 1111 2029 et
1137 1987 1305 2029 ritibus
1339 1986 1650 2041 sequentibus
1671 1992 1872 2040 propter

552 2059 849 2115 sacrilegium
880 2072 975 2100 non
1005 2058 1118 2099 licet
1139 2058 1246 2098 Deo
1273 2058 1348 2098 vel
1368 2056 1546 2097 homini
1578 2056 1870 2110 dispensare,
1888 2061 1928 2094 25

550 2130 598 2170 in
628 2131 720 2170 hoc
751 2129 943 2169 indubie
976 2133 1301 2182 preponentes
1333 2127 1571 2168 hominem
1602 2128 1680 2167 vel
1711 2126 1870 2167 verius

551 2213 857 2240 mammonam
867 2198 975 2239 Deo
986 2202 1166 2239 nostro.
1185 2196 1518 2238 Consideraret
1530 2196 1689 2250 itaque
1706 2197 1871 2246 clerus,

552 2269 793 2323 quomodo
828 2269 886 2309 ad
918 2267 1243 2309 fornicandum
1275 2266 1583 2320 spiritualiter
1606 2279 1711 2306 cum
1732 2265 1871 2306 bonis

552 2340 743 2381 fortune
776 2345 850 2380 est
894 2338 1048 2379 clerus
1085 2336 1357 2391 proclivior,
1402 2336 1459 2376 ad
1495 2335 1873 2389 resipiscendum

552 2408 742 2460 tardior,
776 2413 824 2449 et
855 2407 1044 2449 omnino
1079 2413 1153 2448 est
1185 2406 1399 2461 dirupcio
1433 2405 1602 2447 amoris
1617 2404 1710 2445 Dei
1742 2405 1870 2445 dete·
1889 2409 1932 2442 30

554 2478 781 2522 stabilior.
814 2477 931 2519 Ideo
956 2478 1310 2519 considerarent
1332 2482 1587 2531 arguentes
1609 2489 1697 2529 per
1717 2476 1873 2516 locum

554 2549 613 2589 de
645 2548 865 2602 possibili
909 2548 967 2589 ad
1010 2547 1273 2602 periculum
1317 2547 1376 2587 de
1418 2546 1588 2598 inesse,
1635 2545 1872 2599 quomodo

555 2618 756 2672 quilibet
798 2617 1056 2659 claustralis
1098 2617 1148 2658 in
1190 2616 1367 2671 Anglia
1417 2621 1583 2670 potest
1633 2615 1872 2656 meritorie

552 2688 728 2729 habere
759 2688 977 2729 feminam
1014 2687 1062 2728 in
1095 2687 1238 2729 cubili
1277 2692 1325 2727 et
1357 2685 1512 2728 studio
1553 2685 1761 2736 celatam,
1805 2684 1871 2725 sic

626 2825 653 2853 8.
675 2826 777 2854 Codd.
803 2826 833 2853 in
860 2834 949 2861 marg
970 2835 975 2853 ε
1000 2825 1108 2853 Clerus
1134 2825 1164 2852 in
1191 2825 1299 2861 quibus
1323 2824 1415 2851 debet
1438 2823 1625 2851 contentari.
1701 2830 1742 2857 17.
1767 2822 1805 2849 B:
1833 2821 1872 2849 Et

557 2874 650 2901 deest.
727 2881 769 2909 19.
791 2873 891 2900 Codd.
912 2873 943 2900 in
965 2880 1080 2907 marg:
1109 2872 1256 2899 Avaricie
1276 2871 1439 2898 excusacio
1458 2870 1489 2897 in
1510 2870 1604 2897 clero.
1679 2868 1726 2902 34.
1752 2868 1869 2896 Codd.:

557 2921 732 2948 cerelatam.
