2078 3338
252 1860 330 1887 How
351 1861 372 1888 it
392 1869 456 1889 was

284 1897 429 1931 repellcd.

934 267 1158 306 JOHANNJS
1185 274 1371 307 WYCLIF
1653 261 1759 320 [cem.
1780 274 1815 303 x.

503 376 658 429 opiam
690 378 924 419 sublevare
947 379 1046 430 filii
1082 381 1329 426 naturales,
1358 380 1467 432 quia
1503 380 1597 421 nisi
1635 393 1664 421 a
1695 382 1818 422 vobis

504 450 542 487 et
573 448 680 488 aliis
713 449 825 489 viris
855 449 1049 490 honestis
1080 451 1200 490 dona
1229 451 1548 503 receperimus,
1582 451 1819 502 deficerent

502 518 629 557 nobis
672 518 756 558 vite
799 520 1066 569 necessaria,
1111 521 1228 572 quod
1260 523 1369 560 esset
1399 521 1582 561 omnino
1613 520 1818 562 Romane

506 587 806 640 incongruum
839 590 1064 642 dignitati.
1115 589 1189 630 Ad
1218 590 1336 630 illud
1366 591 1514 642 itaque
1545 592 1818 632 scandalum

497 658 681 709 penitus
726 659 1057 699 eradicandum
1097 672 1183 712 per
1214 661 1453 700 consilium
1487 660 1703 712 fratrum
1735 664 1851 701 no-5

502 730 706 768 strorztm
727 732 880 769 sancte
900 728 1106 770 Romane
1128 730 1305 770 ecclesie
1327 731 1651 781 cardinalium,
1672 743 1817 782 quan-

504 797 614 837 dam
653 799 947 850 providimus
977 798 1208 850 formant,
1253 800 1326 839 cui
1367 800 1408 840 si
1450 801 1682 841 volueritis
1712 812 1817 840 con-

503 869 680 919 sentire,
698 881 726 908 a
740 869 957 909 scandalo
974 872 1170 909 matrem
1185 872 1384 909 vestram
1401 871 1612 922 poteritis
1626 871 1820 910 liberare

504 940 543 976 et
581 938 627 977 in
666 939 797 978 curia
834 939 930 978 sine
958 939 962 990 Ι
991 939 1217 979 donorum
1257 936 1459 991 obsequio
1503 940 1818 980 exhibicionem
1860 946 1940 984 217⁸

504 1007 678 1047 iusticie
722 1007 927 1048 obtinere.
979 1007 1152 1048 Forma
1196 1012 1348 1049 autem
1385 1009 1578 1061 provisa
1623 1013 1685 1050 est
1726 1010 1819 1050 hec:
1840 1021 1877 1043 10

503 1076 706 1118 Petimus
726 1079 944 1131 inprimis
965 1079 1021 1118 ab
1043 1079 1252 1119 omnibns
1274 1079 1468 1119 ecclesiis
1491 1080 1820 1120 cathedralibus

504 1147 623 1187 duas
653 1148 779 1188 nobis
804 1149 1063 1200 prebendas
1094 1148 1303 1196 exhiberi,
1342 1161 1485 1188 unam
1525 1150 1579 1189 de
1603 1149 1820 1202 porcione

504 1217 703 1270 episcopi
745 1221 783 1258 et
828 1219 1025 1258 alteram
1070 1219 1123 1258 de
1166 1218 1377 1271 capitulo,
1429 1221 1468 1258 et
1510 1219 1725 1259 similiter
1768 1219 1821 1258 de

505 1288 710 1333 cenobiis,
744 1288 820 1327 ubi
851 1288 1025 1328 diverse
1055 1291 1160 1328 sunt
1183 1289 1425 1341 porciones
1457 1288 1632 1328 abbatis
1654 1292 1692 1328 et
1713 1301 1817 1329 con—

505 1360 671 1408 ventus,
716 1370 745 1397 a
789 1358 1072 1398 conventibus
1102 1360 1321 1410 quantuni
1355 1358 1551 1410 pertinet
1583 1359 1645 1399 ad
1676 1371 1819 1399 urium
1840 1362 1876 1395 15

506 1428 778 1467 monachum
838 1429 986 1479 equali
1032 1427 1167 1480 facta
1224 1428 1544 1468 distribncione
1600 1429 1820 1468 bonorum

503 1509 708 1547 suorum,
754 1500 793 1537 et
834 1499 1115 1538 tantumdem
1156 1498 1209 1538 de
1247 1498 1413 1538 abbate.
1464 1496 1554 1538 Sed
1581 1501 1820 1550 postquam

505 1570 792 1607 maturatum
825 1571 887 1608 est
919 1569 1171 1618 consilium,
1197 1571 1452 1620 posuerunt
1482 1580 1750 1620 responsum
1774 1568 1821 1608 in

505 1648 582 1676 ore
620 1638 836 1689 magistri
873 1637 1096 1678 „Iohannis
1134 1638 1449 1678 archidiaconi
1480 1636 1820 1690 Bedsordensis,

503 1706 594 1757 qui,
628 1719 729 1747 cum
753 1708 937 1748 dixisset
965 1708 1152 1748 nunccio
1184 1709 1303 1760 quod
1317 1708 1480 1760 peticio
1505 1708 1729 1748 concernit
1751 1708 1822 1748 ius
1839 1721 1880 1742 20

504 1777 640 1828 regis,
672 1778 745 1817 ius
776 1778 1071 1818 dominorum
1103 1778 1383 1818 secularium
1406 1781 1445 1818 et
1467 1779 1715 1818 multorum
1739 1778 1819 1817 ab-

503 1847 706 1887 sencium
723 1851 1046 1899 patronorum,
1069 1849 1216 1888 clerus
1238 1849 1313 1888 ille
1335 1861 1421 1888 non
1438 1849 1587 1901 potuit
1601 1849 1647 1887 in
1663 1860 1820 1888 eorum

505 1917 715 1957 absencia
753 1918 966 1968 finaliter
1026 1919 1307 1972 respondere.
1370 1917 1646 1970 Interimque
1705 1917 1822 1957 venit

503 1986 718 2027 dominns
739 1986 967 2028 johannes
989 1988 1293 2028 Marescallus
1321 1991 1359 2027 et
1381 1988 1464 2028 alii
1486 1987 1664 2028 nunccii
1686 1987 1819 2039 regis,

504 2056 761 2098 districcius
809 2058 1051 2099 inhibentes
1100 2059 1217 2110 quod
1268 2070 1346 2098 nec
1390 2059 1538 2098 clerus
1588 2070 1666 2097 nec
1723 2055 1819 2097 Otto
1836 2057 1876 2092 25

503 2127 720 2167 nunccius
774 2131 1001 2181 attemptet
1046 2129 1222 2180 aliquid
1271 2129 1390 2180 quod
1438 2128 1584 2180 tangit
1622 2126 1819 2178 feodum

503 2196 626 2247 regis
646 2208 726 2236 nec
748 2198 945 2238 molestet
965 2199 1136 2238 clerum
1158 2197 1334 2250 Anglie,
1366 2198 1442 2249 qui
1469 2200 1582 2237 tenet
1604 2196 1820 2236 baronias

504 2266 570 2305 vel
601 2267 722 2306 alias
754 2268 1024 2308 elemosinas
1054 2269 1108 2307 de
1129 2276 1233 2320 rege
1258 2268 1304 2307 in
1328 2268 1483 2320 capite.
1518 2265 1597 2308 Sic
1630 2266 1818 2307 scanda-

501 2334 604 2374 losa
625 2349 749 2389 pape
773 2337 948 2389 peticio
974 2342 1048 2378 est
1069 2337 1304 2378 frustrata.
1337 2337 1497 2377 Habet
1520 2341 1673 2376 autem
1695 2348 1816 2375 man-

504 2404 662 2444 datum
691 2406 819 2461 regis
850 2406 1087 2447 racionem
1119 2407 1349 2448 vivacem.
1403 2405 1518 2447 Cum
1557 2405 1677 2446 enim
1709 2410 1818 2445 ante
1835 2409 1877 2440 30

503 2475 800 2515 dotacionem
846 2476 1048 2516 ecclesie
1092 2476 1180 2517 fuit
1221 2489 1421 2530 regnum
1467 2480 1681 2516 nostrum
1717 2475 1817 2515 iure

501 2544 909 2598 possessionatum
954 2545 1259 2586 conformiter
1301 2545 1398 2600 legi
1444 2544 1629 2595 Christi,
1682 2544 1816 2585 nimis

501 2620 850 2655 monstruosum
889 2615 1014 2655 foret
1055 2617 1183 2670 quod
1215 2615 1397 2669 papalis
1433 2615 1626 2655 exaccio
1662 2620 1815 2654 extor-

503 2689 670 2737 queret
700 2684 877 2740 aliquid
910 2686 1192 2726 contrarium
1224 2685 1312 2726 iuri
1342 2684 1493 2738 regni.
1523 2684 1639 2724 Rex
1662 2689 1816 2724 autem

501 2753 674 2793 nedum
698 2755 843 2796 debet
865 2755 1124 2795 defendere
1147 2756 1406 2795 secularem
1437 2753 1697 2804 ecclesiam,
1731 2754 1817 2793 sed
1833 2756 1872 2788 35

574 2914 600 2941 5.
624 2913 740 2942 Codd.:
761 2915 984 2942 eradicandum
1004 2915 1097 2944 deest.
1121 2915 1249 2942 Addidi.
