2078 3338
804 868 908 937 ΠΙ.
959 869 1248 937 General
1301 869 1525 941 Index.

744 989 897 1032 (Printed
925 990 958 1021 in
986 991 1042 1022 the
1069 991 1309 1033 orthography
1334 991 1374 1023 of
1397 991 1453 1023 the
1479 989 1577 1033 text.)

685 1095 733 1125 A.

294 1160 377 1188 Deus
389 1169 448 1188 non
464 1165 563 1196 potest
575 1169 763 1197 quemquam
779 1163 948 1197 absolvere,
964 1163 1022 1190 nisi
1035 1171 1125 1198 quem

366 1195 451 1230 prius
473 1196 610 1223 habilitet
632 1196 680 1224 28.

295 1230 578 1266 Quantumcunque
599 1239 731 1266 magnus
750 1232 917 1267 episcopus
941 1232 1043 1267 fuerit,
1065 1240 1125 1260 non

365 1270 464 1300 potest
484 1274 671 1302 quemquam
693 1267 862 1302 absolvere,
885 1267 942 1294 nisi
959 1267 996 1294 de
1011 1272 1126 1302 quanto

366 1300 451 1334 prius
472 1301 632 1328 absolutus
652 1301 743 1328 t'uerit
763 1302 844 1336 apud
867 1302 964 1329 Deum
987 1303 1031 1331 31.

294 1334 395 1362 Nemo
417 1335 505 1362 habet
525 1336 721 1371 singulariter
744 1341 923 1370 potestatem
945 1337 1125 1365 absolvendi

364 1375 556 1403 peccatorem
577 1379 592 1397 a
614 1378 691 1405 pena
711 1376 739 1398 et
758 1380 774 1398 a
794 1372 884 1406 culpa
905 1371 950 1399 31.

293 1404 504 1431 Antichristus
519 1405 678 1440 quomodo
693 1406 865 1433 ostenditur
885 1405 956 1440 323,
970 1407 1040 1441 324,
1054 1406 1123 1434 325.

294 1439 506 1466 Antichristus
526 1440 629 1466 omnis
651 1440 745 1467 homo
766 1441 866 1467 malus
887 1440 953 1469 331.

295 1474 505 1537 AntichSristus
544 1474 613 1509 quis
651 1479 697 1502 est
735 1475 905 1503 secundum
939 1476 1124 1511 scripturam

368 1517 394 1536 11
421 1517 519 1543 —119.

292 1543 506 1570 Antichristus
526 1551 561 1570 ex
582 1544 665 1570 clero
686 1545 784 1572 oritur
806 1553 866 1580 ιιι).

295 1578 445 1605 Undecim
466 1578 651 1606 Antichristi
672 1579 867 1606 conditiones
893 1580 1054 1608 120—123.

293 1612 476 1640 Antichristi
489 1613 546 1640 tria
559 1613 645 1647 signa
658 1614 744 1648 ponit
755 1615 949 1646 Augustinus
966 1615 1122 1650 ibo—190.

296 1647 355 1673 Lex
375 1647 560 1674 Antichristi
581 1653 626 1675 est
648 1648 778 1676 heretica
801 1648 871 1677 355,

293 1682 478 1709 Antichristi
498 1683 548 1717 qui
571 1687 641 1709 sunt
664 1683 729 1718 148,
754 1692 818 1719 149.

294 1715 409 1752 Christi
431 1717 590 1752 prophetia
613 1717 657 1744 De
676 1718 869 1745 Antichristo
893 1719 958 1753 148,
982 1727 1045 1754 149.

295 1751 454 1786 Quidquid
474 1753 641 1790 'apostolus
664 1758 694 1779 ut
721 1753 790 1780 talis
814 1753 934 1787 dixeritq
966 1759 1011 1780 est
1042 1753 1124 1789 paris

363 1790 555 1814 auctorltatis
575 1795 644 1814 curn
667 1788 804 1822 quolibet
827 1796 886 1821 114.

294 1820 411 1848 Omnes
431 1821 565 1856 apostoli
586 1828 672 1849 erant
687 1823 762 1849 socii
784 1822 841 1849 sibi
862 1822 1051 1857 obedientes,
1073 1823 1122 1858 qui

361 1856 540 1883 immediate
570 1864 585 1883 a
612 1856 676 1883 Deo
705 1862 885 1892 potestatem
917 1862 944 1884 et
970 1858 1123 1885 licentiam

362 1891 398 1917 ud
432 1891 706 1926 evangelizandum
735 1897 936 1926 accepe1·uut;
971 1893 1014 1919 sic
1036 1892 1124 1919 debet

362 1934 428 1952 esse
449 1926 486 1952 de
506 1926 661 1961 episcopis
682 1927 809 1954 ecclesie
828 1926 974 1954 instantis
998 1935 1061 1955 100.

292 1960 437 1994 Apostoli
466 1965 494 1987 et
515 1961 701 1995 evangeliste
731 1962 922 1996 scripserunt
948 1962 1044 1988 libros
1071 1970 1121 1988 ca-

362 1995 501 2029 nonicos,
522 1995 591 2022 licet
611 1996 695 2023 solus
711 1996 792 2023 Deus
815 1996 905 2024 fuerit
926 2001 1015 2023 autor
1036 2005 1120 2023 sum—

328 2038 397 2056 mus
420 2030 483 2057 108.

291 2065 436 2099 Apostoli
462 2065 633 2092 docuerunt
660 2065 741 2099 quod
764 2070 924 2093 cessarunt
945 2067 1051 2101 legalia
1072 2075 1120 2093 ve-

360 2099 433 2126 teris
453 2100 626 2126 testamenti
648 2108 719 2135 274,
742 2100 811 2135 275.

290 2134 435 2172 Apostoli
461 2142 522 2161 non
543 2140 693 2162 vocarunt
719 2143 750 2162 se
778 2135 992 2163 sanctissimos
1019 2141 1046 2163 et
1070 2145 1119 2164 ca-

383 2173 423 2195 lta
444 2177 459 2196 2
485 2178 513 2202 4.

290 2177 434 2237 Αροὲῒοίί
454 2176 600 2231 Xanthiam
622 2212 676 2239 per
696 2209 811 2231 sortem
832 2206 988 2240 elegerunt
1009 2206 1056 2242 (57.

290 2238 436 2300 Apobstoli
458 2243 623 2273 potuerunt
643 2239 859 2274 copiosissime
880 2240 975 2268 tuisse
996 2241 1118 2269 dolatos

384 2281 406 2300 1.

289 2308 434 2342 Apostoli
466 2308 648 2335 edificarunt
678 2309 838 2336 ecclesiam
877 2309 906 2336 in
941 2310 1118 2344 regionibus

360 2343 454 2369 variis
476 2351 537 2370 non
560 2344 651 2378 petita
672 2343 794 2371 licentia
814 2352 829 2370 a
851 2344 940 2371 Petro
961 2344 1010 2379 75,
1033 2345 1082 2380 76.

290 2377 432 2409 Apostoli
472 2385 532 2404 non
573 2383 830 2413 presumpserunt
860 2387 998 2406 asserere
1034 2381 1116 2415 quod

360 2412 465 2438 darent
487 2413 638 2447 Spiritum
660 2414 808 2441 Sanctum
832 2414 879 2441 20.

290 2447 493 2509 Auctogitzitis
521 2447 605 2482 puris
632 2453 702 2474 sunt
730 2448 881 2482 scripture
902 2449 1116 2483 apostolorum

363 2490 389 2508 11
418 2504 422 2508 .

289 2516 473 2543 jurisdiccio
494 2517 538 2543 vel
561 2521 695 2551 potestas
715 2517 927 2551 apostolorum
951 2517 1020 2545 235.

291 2550 423 2578 Cuilibet
437 2552 579 2584 apostolo
594 2551 648 2578 fuit
663 2552 799 2578 debitum
816 2557 933 2579 tantum
950 2553 986 2579 de
1003 2554 1117 2588 populo

359 2590 536 2613 convertere
556 2590 705 2621 quantum
728 2587 882 2614 sufficeret
903 2595 951 2622 79.

685 2662 730 2689 Β.

290 2726 469 2785 Βῡρξί5111υ5
491 2725 623 2752 llaminis
649 2731 693 2752 est
715 2726 905 2753 necessarius
930 2727 965 2754 ad
988 2727 1117 2754 salutem

290 2769 448 2829 Baptiss‘g're
468 2795 491 2822 si
513 2799 611 2828 potest
631 2795 726 2822 laicus
749 2794 816 2822 308.

289 2830 592 2875 Bernartiusncontra
606 2830 855 2857 dominacionem
872 2830 942 2858 cleri
965 2829 1030 2865 136,
1054 2830 1118 2866 137,

290 2863 426 2926 Μεικῖιξπὸἐ
444 2872 593 2926 1¹3³0⁹nifacn
614 2898 696 2926 vlu.
718 2899 844 2926 obviant
863 2900 919 2935 legi
943 2900 996 2927 nei
1019 2898 1087 2933 346.

1594 1095 1637 1127 C.

1199 1161 1243 1189 De
1262 1161 1555 1190 canonizacionibus
1577 1161 1647 1197 329.
1799 1196 1804 1200 -

1198 1196 1269 1223 Non
1290 1204 1400 1223 omnes
1421 1197 1595 1224 canonizati
1617 1200 1687 1224 sunt
1708 1200 1805 1224 sancti
1826 1195 1898 1235 329.

1199 1230 1299 1266 Caput
1325 1239 1420 1259 unum
1441 1240 1478 1259 an
1500 1236 1639 1266 oporteat
1664 1239 1733 1258 esse
1757 1231 1794 1257 ad
1816 1231 2029 1259 distribuenda

1267 1266 1414 1293 beneficia
1434 1267 1641 1294 ecclesiastica
1663 1265 1830 1301 347—352.

1198 1300 1379 1328 Cardinales
1401 1301 1473 1336 quid
1494 1301 1610 1329 faciunt
1631 1301 1695 1336 196,
1720 1308 1783 1336 197.

1199 1335 1379 1363 Cardinales
1405 1341 1497 1371 caput
1524 1336 1650 1364 ecclesie
1681 1336 1792 1371 eligere
1819 1343 1876 1363 non
1897 1341 2029 1370 possunt

1268 1379 1277 1398 1
1327 1393 1331 1398 .

1199 1378 1410 1467 Cardffilium
1432 1405 1497 1433 laus
1519 1413 1572 1440 per
1592 1405 1840 1433 Liucolniensem
1863 1405 1933 1440 256,
1956 1405 2026 1441 257,

1269 1448 1282 1460 o
1332 1460 1338 1466 ο

1197 1476 1372 1509 Antequam
1394 1474 1569 1502 introducta
1589 1478 1634 1501 est
1649 1475 1769 1512 novella
1784 1479 1810 1501 et
1824 1474 2027 1502 infundabilis

1267 1514 1349 1536 secta
1369 1509 1584 1543 cardinalium,
1612 1517 1692 1544 papa
1717 1509 1774 1537 ftut
1799 1509 1914 1537 electus
1935 1517 1950 1537 a
1971 1518 2027 1544 po-

1266 1544 1339 1578 pulo
1358 1543 1571 1571 Romanorum
1597 1543 1660 1571 183.

1199 1578 1367 1613 Quomodo
1401 1577 1543 1605 Christus
1575 1579 1729 1606 ordinavit
1761 1586 1911 1613 sponsam
1942 1587 2027 1606 suam

1266 1613 1437 1640 secundum
1456 1614 1571 1648 gradus
1590 1613 1795 1641 ecclesiastice
1810 1613 1981 1641 hierarcliie
2004 1622 2026 1642 1.

1196 1648 1297 1675 Nemo
1325 1648 1402 1683 gerit
1432 1649 1528 1675 vicem
1553 1647 1671 1676 Christi
1701 1649 1745 1675 vel
1776 1649 1864 1682 Petri,
1896 1649 1955 1676 nisi
1980 1657 2027 1676 se-

1265 1688 1377 1718 quatur
1397 1690 1464 1709 eum
1486 1683 1516 1709 in
1539 1683 1679 1710 moribus
1699 1682 1748 1711 63.

1195 1717 1428 1744 Archivicarius
1448 1717 1565 1745 Christi
1592 1717 1680 1745 debet
1700 1718 1802 1745 vivere
1825 1718 1957 1746 maxime
1976 1726 2025 1745 ex-

1265 1752 1469 1814 proprigtarie
1488 1756 1516 1779 et
1530 1760 1596 1779 esse
1619 1761 1635 1779 a
1655 1752 1773 1780 mundo
1788 1752 1923 1780 maxima
1943 1753 2027 1780 clou-

1267 1791 1353 1814 vatus
1394 1795 1421 1813 o.

1196 1807 1295 1857 Capfit
1316 1822 1445 1849 ecclesie
1472 1829 1597 1848 necesse
1623 1826 1668 1848 est
1691 1829 1758 1848 esse
1778 1821 1937 1849 Christum
1961 1830 2023 1857 194.

1195 1856 1264 1884 Non
1281 1857 1430 1884 debemus
1446 1857 1571 1883 credere
1585 1857 1630 1883 vel
1645 1856 1759 1883 imitari
1774 1856 1867 1884 aliurn
1884 1862 2025 1884 sanctuni

1264 1892 1388 1919 ecclesie
1409 1891 1467 1918 uisi
1490 1891 1526 1918 de
1546 1895 1662 1926 quanto
1682 1890 1712 1918 in
1728 1891 1852 1919 Christo
1871 1893 2025 1919 sentencia

1264 1935 1318 1953 sua
1338 1930 1382 1953 est
1401 1926 1528 1953 fundata
1549 1926 1597 1953 88.

1195 1960 1335 1988 Cluvium
1357 1962 1472 1988 abusus
1492 1960 1651 1995 quomodo
1672 1960 1704 1988 lit
1726 1968 1787 1994 141.

1195 1995 1333 2023 Claviuni
1354 1995 1463 2023 abusio
1484 2000 1510 2021 et
1531 2003 1646 2030 pompa
1668 2003 1738 2029 204,
1761 1995 1831 2023 205.

1193 2030 1301 2058 Clerus
1321 2031 1450 2065 duplex:
1473 2029 1589 2057 Christi
1609 2035 1636 2056 et
1656 2030 1840 2057 Antichristi
1864 2029 1934 2058 332.

1193 2065 1302 2093 Clerus
1323 2065 1481 2104 quomodo
1503 2070 1591 2092 nocet
1611 2064 1690 2102 vivis
1713 2069 1740 2091 et
1762 2066 1895 2092 mortuis
1918 2065 1986 2099 243.

1193 2099 1359 2128 Confessio
1380 2100 1561 2126 auricularis
1585 2107 1621 2126 an
1644 2104 1682 2125 sit
1705 2099 1866 2126 meritoria
1887 2099 1952 2128 310.

1193 2134 1462 2162 Consuetudinum
1479 2134 1680 2161 laudabilium
1697 2134 1934 2161 tundamentum
1953 2143 2021 2169 29⁷1.

1193 2169 1357 2204 Corripere
1377 2173 1479 2204 potest
1493 2168 1636 2195 subditus
1653 2168 1847 2203 prepositum
1865 2168 2021 2197 133—125.

1192 2204 1305 2232 Creare
1333 2212 1387 2231 nec
1413 2203 1601 2230 annichilare
1622 2211 1683 2230 non
1707 2207 1806 2238 potest
1832 2203 1915 2231 Deus
1939 2212 2021 2231 com-

1260 2239 1419 2266 municare
1439 2242 1577 2265 creature
1599 2237 1648 2265 25.

1584 2312 1633 2343 D.

1190 2382 1238 2408 An
1262 2381 1386 2408 credere
1407 2381 1555 2408 debemus
1576 2380 1715 2415 epistolis
1736 2379 1941 2407 decretalibus
1965 2388 2022 2413 111,

1262 2424 1322 2443 112.

1191 2450 1308 2477 Divicie
1328 2449 1488 2485 quomodo
1510 2454 1663 2477 venenant
1683 2449 1844 2477 ecclesiam
1865 2449 1917 2485 89.

1192 2485 1307 2512 invicte
1328 2489 1399 2511 sunt
1420 2485 1542 2518 pondus
1563 2485 1665 2511 anime
1685 2483 1735 2511 83.

1191 2520 1322 2546 Credere
1342 2519 1521 2546 doctoribus
1539 2519 1665 2554 quando
1685 2519 1833 2546 debemus
1856 2518 1925 2553 232,
1948 2518 2019 2547 233.

1191 2555 1316 2581 Heresis
1348 2558 1403 2586 est,
1431 2554 1513 2585 quod
1535 2554 1604 2581 licet
1629 2553 1786 2589 episcopis
1813 2553 1944 2581 civiliter
1970 2554 2021 2581 do-

1260 2589 1373 2616 minari
1398 2587 1567 2624 333—337.
1803 2622 1808 2626 ·
1920 2622 1925 2626 ι
1991 2622 1996 2626 ,

1192 2624 1279 2651 Prius
1299 2629 1439 2658 tempore
1454 2628 1481 2650 et
1497 2629 1604 2650 natura
1620 2628 1664 2649 est
1680 2623 1827 2650 secularis
1843 2622 2019 2649 dominacm

1260 2666 1352 2693 quam
1374 2658 1445 2685 cleri
1467 2658 1589 2685 dotacio
1611 2658 1683 2693 3¹⁸1

1191 2693 1319 2720 hot-acio
1340 2693 1500 2728 quomodo
1522 2697 1612 2720 nocet
1634 2692 1702 2725 235,
1726 2691 1795 2727 239,
1819 2699 1887 2725 240.

1192 2728 1318 2755 Dotucio
1340 2727 1535 2761 imperatoris
1555 2727 1676 2754 seduxit
1696 2727 1857 2753 ecclesiam
1881 2726 1945 2761 169.

1191 2763 1480 2797 Superhabundans
1507 2761 1629 2789 dotacio
1649 2761 1813 2796 imperficit
1832 2761 1948 2788 clerum
1970 2762 2020 2789 82.

1191 2797 1295 2825 Sancti
1316 2796 1516 2831 suscipiendo
1535 2796 1731 2824 dotacionem
1746 2795 1904 2823 venialiter
1918 2803 2022 2830 pecca-

1259 2835 1369 2858 verunt
1389 2839 1438 2866 94,
1460 2831 1510 2866 95.

1192 2866 1391 2928 liotacionen}
1431 2867 1641 2901 approbantes
1680 2865 1777 2892 sancti
1817 2869 2022 2900 peccaverunt

1262 2900 1370 2935 237-2
1397 2901 1425 2927 δ’.
