2078 3338
235 264 314 300 282

286 514 352 542 The
373 514 462 553 infles

321 553 414 576 tunic.

271 1445 338 1473 The
358 1445 471 1481 Ephod

271 1489 306 1507 ox·
325 1481 471 1509 chasuble

260 1516 411 1590 f0⁵r³13¹1¹lfl³⁶32¹
427 1517 485 1578 305³

302 1589 448 1620 panence.

963 281 1188 313 JOHANNIS
1215 281 1400 312 WYCLIF
1661 271 1765 322 [CAP.
1786 280 1838 308 xl.

523 384 585 422 est
616 384 865 425 cottidiana
897 387 1149 432 necessitas,
1182 386 1342 437 quibus
1363 387 1569 427 continue
1591 387 1840 440 offerrencti

521 466 757 494 summum
789 456 1072 507 sacrificium
1103 467 1311 496 concessa
1342 458 1405 495 est
1429 459 1640 508 potestas.

582 522 758 575 Quarta
779 524 928 565 vestis
962 530 1036 565 est
1067 525 1223 565 tunica
1253 524 1449 565 interior
1470 526 1548 565 vel
1578 525 1839 575 iacinctina‚

521 605 612 644 qua
648 594 695 633 in
734 597 922 646 utroque
959 597 1222 635 testamento
1260 597 1452 635 utuntur
1487 596 1573 635 soli
1603 597 1841 648 pontifices

523 663 580 702 ad
613 662 945 714 denotandum⁷
978 664 1106 717 quod
1134 663 1183 704 in
1212 663 1303 704 illis
1336 665 1482 704 debet
1509 665 1737 718 precipue
1761 666 1839 706 du·
1858 669 1874 701 5

521 732 635 784 pleX
659 732 847 774 castitas
870 733 1050 774 scilicet
1070 733 1240 774 mentis
1270 738 1319 774 et
1341 733 1555 787 corporis
1582 734 1839 776 observari.

522 801 734 854 Pontifex
755 803 952 856 quidem,
975 803 1052 855 qui
1074 804 1127 842 a'e
1150 803 1359 843 thesauro
1381 815 1462 843 suo
1485 804 1607 844 debet
1626 803 1841 856 proferre

522 884 639 912 nova
683 875 722 912 et
765 876 926 921 vetera,
973 886 1076 913 cum
1121 872 1316 912 carnalis
1363 873 1533 926 copula
1571 873 1786 914 distrahit
1817 887 1842 914 a

523 941 752 995 spirituali
795 942 971 982 noticia
1015 941 1216 995 duplicis
1248 941 1531 992 testamenti,
1577 942 1723 983 debet
1761 944 1841 983 ob-

523 1024 715 1051 servare
755 1011 990 1064 duplicem
1035 1010 1311 1051 castitatem.
1364 1011 1460 1051 Ista
1505 1012 1648 1063 igitur
1689 1013 1901 1060 tunicam

522 1080 668 1134 priori
711 1080 1016 1134 superaddita
1057 1081 1210 1132 signat
1252 1081 1370 1132 quod
1413 1079 1648 1122 dissimilis
1698 1086 1841 1121 terre-

524 1151 698 1191 stribus
736 1152 858 1191 debet
894 1151 948 1191 a'e
985 1151 1216 1191 celestibus
1252 1151 1462 1203 cogitare.
1513 1150 1620 1191 Ideo
1657 1154 1845 1192 vocatur

523 1222 678 1262 tunica
709 1222 902 1261 interior
922 1221 1181 1266 iacinctina,
1215 1223 1263 1260 ut
1283 1221 1505 1273 significet
1525 1221 1678 1261 cordis
1705 1234 1841 1261 mun-

524 1292 709 1339 diciam,
755 1294 794 1331 et
836 1291 890 1330 de
932 1290 1161 1330 celestibus
1203 1290 1461 1341 cogitatum.
1513 1289 1631 1330 Phil.
1670 1290 1755 1340 ΙΙΙ,
1790 1304 1843 1331 20

525 1360 638 1401 dicit
670 1360 955 1413 Apostolus:
988 1363 1146 1400 nostra
1177 1360 1462 1400 conversacio
1493 1360 1540 1400 in
1573 1361 1662 1401 celo
1697 1363 1769 1401 est.
1864 1364 1900 1397 15

589 1430 757 1483 Quinta
803 1431 934 1470 vestis
977 1433 1039 1470 est
1080 1430 1466 1482 superhumerale,
1513 1442 1595 1481 que
1631 1430 1845 1481 hebrayce

525 1501 652 1554 ephot
682 1501 850 1540 dicitur
877 1498 881 1554 Ι
911 1499 1045 1552 quasi
1089 1499 1245 1539 casula
1276 1500 1353 1539 vel
1394 1500 1602 1552 planeta;
1650 1504 1698 1538 et
1737 1513 1842 1540 con·
1890 1504 1972 1537 2310

524 1575 710 1610 textum
754 1574 853 1609 erat
895 1568 1003 1622 pilis
1049 1569 1107 1608 de
1153 1582 1264 1609 auro
1309 1581 1362 1608 ac
1408 1568 1646 1609 coloribus
1686 1582 1844 1622 supra-

527 1639 675 1681 dictis.
726 1639 781 1679 In
812 1638 966 1679 veteri
997 1651 1112 1679 vero
1145 1643 1432 1679 testamento
1473 1638 1562 1678 soli
1591 1638 1844 1691 pontifices

525 1709 598 1750 usi
629 1714 738 1750 sunt
769 1710 855 1749 hac
886 1714 1023 1750 veste
1055 1712 1252 1761 quatuor
1282 1709 1495 1749 distincta
1516 1709 1753 1755 coloribus,
1785 1709 1845 1748 ad
1862 1722 1903 1743 20

526 1793 716 1820 sensum
748 1780 807 1820 de
841 1792 958 1820 zona
980 1778 1252 1832 expositum
1263 1793 1272 1830 ;
1307 1783 1523 1832 tempore
1545 1791 1658 1818 vere
1685 1777 1844 1833 gracie

525 1854 719 1891 utuntur
771 1863 825 1890 ea
877 1849 1077 1902 quilibet
1128 1848 1415 1890 sacerdotes.
1476 1847 1640 1900 Signat
1691 1851 1844 1888 antem

525 1920 900 1973 superhumerale
920 1919 1248 1971 fortitudinem
1271 1931 1462 1971 opernm
1491 1921 1530 1958 et
1553 1918 1844 1971 pacienciam

525 1991 750 2036 laborum,
776 2002 865 2042 per
885 1990 999 2029 duos
1019 1989 1233 2029 humeros
1254 1990 1502 2038 denotatas,
1531 1989 1649 2028 unde
1676 1988 1843 2028 altrin-

524 2072 652 2100 secus
681 2072 820 2112 super
848 2060 1062 2099 humeros
1080 2059 1402 2110 fibulabantur
1422 2059 1511 2098 duo
1537 2058 1715 2111 lapides
1745 2058 1842 2098 oni·
1861 2060 1900 2093 25

526 2130 656 2181 chini‚
688 2130 736 2169 in
758 2140 954 2180 quorum
976 2129 1131 2168 dextro
1154 2128 1378 2180 inscripta
1400 2130 1530 2167 erant
1555 2139 1630 2167 sex
1654 2127 1845 2167 nomina

525 2199 759 2239 seniorum
790 2199 1008 2250 filiorum
1049 2197 1252 2247 Ysrahel,
1294 2201 1334 2238 et
1363 2209 1438 2237 sex
1467 2198 1516 2237 in
1560 2197 1665 2249 alio,
1703 2198 1843 2237 deno-

526 2269 662 2308 tando
683 2269 802 2320 quod
819 2269 1035 2308 sacerdos
1047 2268 1169 2308 debet
1186 2268 1381 2307 recolere
1394 2267 1448 2307 de
1457 2267 1843 2319 patriarcharum

527 2338 786 2378 constancia
837 2340 933 2377 tam
978 2338 1024 2377 in
1070 2337 1311 2389 prosperis
1352 2348 1492 2388 quam
1535 2337 1583 2376 in
1629 2336 1843 2376 adversis.

527 2407 747 2448 Nostrum
780 2410 932 2447 autem
963 2407 1338 2459 superhumerale
1368 2418 1457 2446 non
1479 2407 1544 2447 sic
1565 2406 1842 2452 inscribitur,
1861 2411 1902 2443 30

526 2478 633 2529 quia
670 2480 872 2529 tempore
903 2477 1063 2529 gracie
1094 2477 1300 2516 ctinu'ssis
1337 2476 1601 2516 cerimoniis
1631 2475 1843 2527 antiquis,

528 2548 724 2588 veniente
745 2547 875 2587 unico
893 2544 1182 2600 patriarcha?
1216 2547 1426 2587 debemus
1442 2547 1549 2599 plus
1569 2546 1705 2586 inniti
1725 2546 1842 2585 siin-

519 2618 633 2670 plici
664 2617 854 2657 veritati.

597 2872 623 2900 3.
652 2871 750 2899 Codd.
778 2871 810 2898 in
837 2878 951 2905 marg:
975 2869 1095 2905 Quarta
1124 2872 1232 2897 vestris
1257 2869 1360 2895 tunica
1390 2868 1533 2895 interior.
1609 2867 1652 2895 16.
1681 2866 1780 2894 Codd.
1811 2866 1841 2893 in

527 2925 639 2952 marg:
664 2917 777 2953 Quinta
797 2917 887 2944 vestis
906 2916 1071 2943 humerale.
