2078 3338
220 258 308 286 CAP.
323 250 391 303 xi]
612 262 669 294 DE
698 262 977 294 POTESTATE
1010 262 1138 295 ΡΑΡΕ.

217 372 419 419 prosunt
451 365 653 406 ecclesie
686 372 737 407 ut
769 367 906 418 aliud,
939 366 1052 409 licet
1085 367 1348 421 dispariter.
1400 368 1535 409 Deus

219 434 339 475 enim
371 435 517 477 utitur
547 436 758 490 qualibet
791 442 1002 478 creatura
1033 442 1085 478 ut
1117 451 1295 492 organo
1340 439 1401 479 ad
1431 453 1535 492 pro-

216 505 392 547 fectum
425 506 640 558 ecclesie,
675 507 821 548 eciam
855 508 911 548 ad
942 508 1287 561 proficiendum
1318 509 1535 550 omnibus

218 581 265 616 et
311 576 508 629 singulis
557 577 780 618 membris
826 578 1041 629 ecclesie,
1091 578 1139 619 in
1183 592 1482 633 quocumque
1530 578 1533 635 1

96 653 178 699 237''
215 646 437 699 profectu
487 646 718 701 signabili,
772 647 894 689 sicut
944 648 1195 689 multitudo
1248 649 1538 690 trahencium

215 716 355 757 trahit
386 730 566 759 navem.

273 786 391 827 Tres
445 793 598 828 autem
648 789 823 842 gradus
875 794 984 829 sunt
1027 789 1262 830 notabiles
1304 791 1536 831 habentes

215 858 384 898 modos
429 858 628 912 disparis
670 859 886 900 racionis.
934 858 1148 900 Christus
1183 859 1305 900 enim
1335 861 1537 914 prodest

209 927 465 981 fontaliter,
537 929 850 982 predestinati
908 929 1086 970 directe
1153 931 1429 983 parcialz‘ter
1491 936 1538 971 et

162 1003 413 1050 10peccata
450 997 680 1039 indirecte
723 1000 1077 1041 occasionaliter.
1129 999 1191 1041 Et
1233 1006 1367 1054 patet
1410 1001 1538 1054 quod

214 1068 346 1109 multi
376 1069 573 1110 heretici
604 1075 808 1123 prosunt
836 1070 1030 1111 multum
1067 1070 1269 1111 ecclesie
1303 1076 1351 1111 et
1382 1076 1538 1112 tamen

214 1143 415 1192 propter
459 1152 541 1179 sua
585 1152 732 1193 opera
764 1145 874 1180 sunt
907 1139 1136 1193 culpandi,
1175 1146 1227 1181 ut
1257 1154 1536 1194 proponens

213 1208 262 1248 in
295 1221 408 1249 casu
437 1208 701 1249 intoxicare
732 1209 970 1250 hominem
1001 1209 1145 1250 infert
1178 1209 1269 1250 sibi
1299 1224 1388 1264 per
1420 1209 1535 1251 acci-

216 1279 331 1319 dens
377 1279 635 1320 sanitatem.
692 1279 808 1320 Ideo
857 1281 999 1321 docet
1041 1279 1274 1335 Magister
1318 1281 1445 1334 quod
1487 1280 1536 1320 in

163 1349 381 1391 15merito
416 1355 489 1390 est
532 1349 807 1403 simplicitas
854 1350 975 1390 oculi
1013 1349 1338 1403 principaliter
1389 1355 1536 1390 atten-

216 1419 381 1462 denda.
444 1419 506 1460 Et
548 1424 650 1460 tota
691 1421 790 1460 laus
838 1425 912 1460 est
964 1420 1331 1461 architectonice
1385 1420 1537 1461 autori

215 1490 420 1531 omnium
465 1490 774 1532 attribuenda.
826 1490 939 1544 Ipse
985 1490 1106 1531 enim
1139 1490 1395 1532 necessitat
1426 1504 1534 1545 pec·

216 1565 368 1600 catum
402 1560 461 1600 ad
491 1560 832 1614 proficiendum
866 1559 1080 1601 ecclesie.

271 1629 482 1670 Ulterius
506 1630 676 1671 dicitur
699 1631 827 1684 quod
849 1643 945 1671 non
969 1635 1043 1671 est
1075 1632 1219 1682 color,
1253 1631 1293 1672 si
1323 1632 1534 1672 nescitur

157 1718 198 1740 20
214 1700 384 1754 quibus
400 1701 657 1754 prodesset
673 1700 935 1742 dotacionis
951 1704 1029 1743 vel
1045 1701 1234 1756 peccati
1249 1701 1532 1753 destruccio,

214 1770 359 1823 igitur
390 1784 485 1812 non
519 1771 664 1812 debet
695 1771 890 1823 intendi,
925 1786 1030 1814 cum
1062 1772 1237 1813 sufficit
1258 1785 1346 1826 pro
1371 1777 1535 1812 natura

212 1840 419 1882 intencio
452 1842 645 1882 honoris
666 1842 770 1884 Dei.
802 1842 864 1883 Et
895 1843 1105 1896 prudens
1136 1842 1383 1896 reputacio
1417 1842 1534 1882 utili-

214 1910 322 1952 tatis
357 1911 529 1953 Christi
561 1912 690 1966 quod
735 1913 794 1953 de
832 1912 958 1953 facili
990 1912 1288 1967 contingeret
1321 1912 1380 1952 de
1413 1913 1534 1953 abla-

216 1981 350 2023 cione
382 1983 726 2036 temporalium,
769 1996 865 2023 non
895 1982 1167 2023 intencione
1198 1981 1427 2036 puniendi
1458 1983 1536 2023 Vel

158 2059 198 2092 25
216 2052 534 2094 deteriorandi
557 2052 803 2093 ecclesiam
825 2053 904 2093 vel
927 2053 1116 2106 aliquod
1139 2052 1238 2093 eius
1261 2053 1534 2103 membrum,

215 2123 301 2164 sed
322 2122 593 2163 intencione
617 2123 910 2163 exonerandi
931 2124 1009 2164 vel
1024 2122 1344 2177 prodessendi
1357 2123 1532 2163 mundo

216 2192 461 2247 oppressis
495 2198 543 2233 et
569 2192 921 2246 perfeccionem
953 2197 1117 2245 status,
1152 2205 1291 2246 quem
1321 2192 1534 2233 Christus

213 2263 414 2304 instituit
456 2262 732 2303 renovandi.
785 2262 893 2303 Hoc
940 2262 1062 2303 enim
1106 2263 1252 2303 debet
1295 2262 1450 2303 facere
1487 2262 1534 2302 in

213 2334 323 2387 lege
338 2333 492 2374 veteri
515 2332 660 2373 eciam
684 2333 976 2373 extrahendo
998 2333 1256 2374 iumentum
1280 2333 1338 2372 de
1361 2337 1530 2386 puteo3

157 2408 200 2441 30
216 2407 264 2443 et
309 2402 627 2457 exemplificat
654 2402 964 2456 Augustinus,
1010 2408 1061 2443 ut
1090 2402 1317 2443 recitatur
1346 2401 1392 2442 V
1424 2414 1532 2455 que-

215 2472 306 2513 stio
338 2473 403 2514 V:
441 2472 543 2513 Non
575 2473 739 2527 omnis,
779 2473 1017 2527 quomodo
1059 2486 1119 2512 ex
1154 2471 1348 2512 caritate
1368 2471 1531 2524 frene-

214 2545 329 2585 ticus
353 2544 616 2596 privandus
647 2546 710 2585 est
737 2544 896 2596 glad-io
929 2547 969 2585 et
999 2543 1242 2596 litargicus
1273 2542 1534 2582 excitandus

214 2626 244 2653 α
286 2626 492 2666 sompno,
537 2618 583 2653 et
628 2612 667 2653 si
712 2618 1074 2666 expectaremus
1117 2611 1166 2651 in
1208 2610 1312 2651 istis
1355 2611 1532 2652 revela-

285 2769 312 2798 7.
336 2761 434 2790 Codd.
466 2762 497 2789 in
528 2770 642 2797 marg:
669 2760 821 2789 Prodesse
847 2764 911 2789 tres
935 2764 1006 2789 sunt
1030 2761 1161 2796 gradus.
1261 2771 1288 2794 ¹)-
1312 2759 1428 2786 Codd.:
1457 2767 1532 2794 pre-

215 2810 385 2837 destinatis.

287 2894 339 2928 31.
366 2894 451 2936 Cap.
478 2894 517 2927 ΙΙ.

283 2968 324 2991 De
340 2967 490 2991 Potestate
506 2967 593 2994 Pape.
1353 2969 1394 2989 20

1740 270 1824 308 305

1585 813 1687 842 Three
1707 823 1792 852 ways

1586 850 1621 876 of
1642 851 1785 886 proliting

1586 885 1635 912 the
1656 884 1791 913 Church.

1573 1648 1634 1678 We
1654 1658 1726 1686 may
1746 1655 1800 1678 not

1558 1685 1650 1712 know
1668 1685 1738 1712 who
1758 1687 1819 1713 will

1585 1754 1590 1758 ι
1612 1720 1702 1755 profit
1723 1722 1762 1756 by

1561 1754 1821 1790 disendowmenr,

1579 1790 1601 1817 it
1621 1790 1647 1817 is
1668 1791 1790 1826 enough

1558 1825 1622 1852 that
1644 1825 1666 1852 it
1686 1825 1712 1852 is
1733 1826 1814 1853 done

1612 1860 1643 1887 in
1667 1860 1766 1887 God's

1620 1896 1753 1924 honour,
