2078 3338
261 276 312 314 86
987 285 1217 316 JOHANNIS
1244 283 1428 315 WYCLIF
1700 269 1808 326 [CAP.
1825 279 1860 307 v,

548 389 654 430 talis
698 402 793 429 non
835 388 962 428 foret
1003 387 1173 428 familia
1217 386 1505 427 secularibus
1545 398 1746 426 onerosa
1775 399 1863 425 nec

548 459 596 499 in
653 457 1006 499 sustentacione
1064 456 1300 497 subducto
1359 456 1506 509 globo
1567 460 1865 495 monstruose

279 562 369 589 ΑΜ
390 559 517 588 sufficed
550 527 856 568 multitudinis
889 532 1176 579 sumptuosa.
1229 524 1280 567 Si
1317 519 1438 565 enim
1468 524 1653 577 private
1692 525 1865 564 elemo-

274 597 321 623 f0s
341 595 524 657 gizzgnriests
553 597 666 648 sine,
711 597 898 650 quando
930 596 1132 635 mundus
1176 594 1265 635 fuit
1294 594 1601 647 irreligiosior
1636 599 1683 633 et
1717 594 1868 633 clerus

265 665 538 727 Ch}ie{‡je²²r¹¹{1fffse
553 665 862 716 necessarior,
907 664 1195 705 suffecerunt
1228 664 1285 704 ad
1329 664 1686 704 sustentandum
1718 667 1902 703 totum5

276 736 462 797 thesssitvggg?
482 741 522 761 ¹¹0
558 737 731 776 clerum
766 734 948 786 Christi,
995 739 1170 787 quanto
1203 733 1352 786 magis
1385 732 1527 773 hodie
1566 732 1871 786 superaddite

557 805 829 846 oblaciones
854 809 901 844 et
924 803 1115 844 decime.
1148 802 1474 844 Subducamus
1495 802 1653 855 itaque
1674 801 1722 841 in
1745 802 1871 842 clero

559 874 817 927 avariciam,
856 873 1027 913 fastum
1068 878 1115 913 et
1155 872 1310 913 officio
1351 884 1436 912 suo
1474 871 1782 924 impertinens
1822 884 1873 911 ac

559 942 861 997 superfluum,
896 947 945 982 et
972 955 1067 982 non
1087 941 1287 981 *dubium
1323 941 1434 994 quin
1462 940 1575 981 satis
1604 940 1877 981 sufficerent

560 1019 608 1053 et
652 1013 947 1053 commodum
992 1011 1236 1064 spirituale
1270 1024 1331 1051 ex
1362 1010 1470 1050 hinc
1500 1010 1549 1050 in
1581 1009 1875 1050 secularibus
1896 1027 1934 1047 10

561 1089 609 1124 et
660 1082 842 1122 clericis
895 1082 1292 1122 circumcrescens
1342 1080 1572 1121 infinitum
1620 1080 1879 1120 excederet

560 1151 929 1206 prosperitatem
953 1156 1000 1191 et
1021 1150 1217 1206 gloriam
1248 1151 1523 1190 mundanam
1560 1163 1621 1189 ex
1653 1148 1878 1202 opposito

563 1222 927 1275 contingentem.
960 1220 1265 1261 Affecciones
1286 1220 1446 1273 itaque
1468 1220 1748 1273 personales
1771 1219 1880 1259 cari-

344 1302 521 1349 ·Cnrist’s-
564 1291 648 1332 tati
701 1290 938 1331 contrarie
1001 1290 1178 1330 faciunt
1235 1290 1363 1343 quod
1416 1288 1656 1329 ordinacio
1712 1287 1883 1329 Christi

275 1338 550 1434 εῗῖἓιᾟῗιὲἓθεεῗνιῧν
567 1360 920 1414 contempnitur
963 1365 1011 1399 et
1054 1364 1127 1399 tot
1160 1359 1495 1412 scripturarum
1530 1371 1582 1398 ac
1617 1362 1882 1398 sanctorum
1903 1367 1939 1398 15

276 1417 311 1436 Os
339 1407 517 1443 d1sregarde
544 1428 836 1472 'testimonia
867 1430 945 1470 vel
977 1434 1086 1470 sunt
1118 1428 1308 1470 sinistre
1347 1429 1557 1482 glossata
1588 1428 1666 1468 vel
1696 1442 1723 1467 a
1755 1427 1883 1468 clero

567 1500 820 1542 infideliter
851 1499 1152 1552 parvipensa.

629 1569 727 1612 Sed
779 1575 945 1610 contra
992 1568 1108 1609 illud
1158 1568 1382 1620 arguitur,
1441 1567 1593 1620 primo
1643 1568 1702 1607 de
1762 1580 1887 1620 papa

570 1640 808 1694 quomodo
841 1652 936 1679 non
970 1638 1212 1679 sufficeret
1239 1637 1456 1690 dignitati
1518 1636 1588 1678 sui
1621 1636 1764 1677 officii
1795 1636 1884 1678 nisi

569 1711 768 1750 haberet
818 1722 966 1761 regna
1029 1713 1076 1748 et
1121 1707 1316 1761 copiosa
1367 1706 1568 1747 dominia
1610 1719 1697 1759 pro
1744 1720 1794 1747 se
1840 1712 1943 1748 et20

572 1779 667 1820 suis
713 1777 950 1819 officiariis
993 1777 1197 1820 limitata.
1246 1776 1308 1817 Et
1357 1776 1481 1817 idem
1545 1780 1617 1817 est
1666 1775 1886 1816 iudicium

573 1850 631 1889 de
675 1848 851 1888 nostris
902 1846 1142 1900 episcopis
1185 1852 1328 1900 atque
1371 1845 1637 1888 abbatibus.
1689 1843 1786 1886 Sed
1828 1845 1888 1885 ad

571 1918 700 1959 istud
732 1930 848 1971 sepe
889 1916 1064 1957 dictum
1109 1922 1182 1957 est
1203 1916 1332 1970 quod
1360 1915 1690 1956 officiariorum
1724 1927 1887 1967 super-

573 1987 728 2028 fluitas
762 1992 810 2027 et
842 1991 1149 2040 apparatuum
1182 1985 1522 2039 sumptuositas
1555 1989 1628 2025 est
1657 1984 1705 2024 in
1738 1997 1889 2024 causa.

574 2058 714 2098 Unde
767 2057 1202 2110 correspondenter
1251 2056 1307 2096 ad
1356 2055 1552 2096 istorum
1601 2058 1890 2094 crementum
1907 2065 1946 2097 25

577 2127 812 2168 decrescit
849 2125 1138 2179 religiositas
1180 2130 1228 2166 et
1270 2124 1559 2166 edificatoria
1602 2123 1891 2164 officiositas.

579 2197 716 2238 Unde
739 2196 1041 2236 Bernhardus
1062 2195 1183 2236 libro
1207 2195 1277 2235 IV
1293 2196 1349 2235 ad
1371 2194 1656 2247 Eugenium:
1679 2193 1805 2234 luter
1817 2193 1893 2233 hec

577 2271 625 2307 tu
648 2270 815 2320 pastor
838 2266 1053 2318 procedis
1083 2265 1350 2316 deauratus,
1388 2267 1484 2304 tam
1514 2264 1662 2304 multa
1690 2263 1891 2304 circum-

579 2338 713 2377 datus
755 2337 984 2377 varietate.
1022 2333 1134 2376 Oves
1169 2335 1279 2387 quid
1315 2334 1533 2387 capiunt?
1579 2331 1631 2374 Si
1673 2333 1894 2373 auderem

580 2406 739 2452 dicere,
785 2406 1029 2446 demonum
1075 2405 1228 2457 magis
1259 2416 1398 2456 quam
1430 2404 1582 2444 ovium
1608 2413 1791 2455 pascua
1820 2402 1895 2442 hec
1910 2414 1952 2446 30

580 2478 696 2517 sunt.
728 2474 830 2515 Non
861 2475 927 2516 sic
945 2474 1193 2527 factitabat
1214 2474 1381 2515 Petras
1411 2473 1478 2513 vel
1498 2472 1675 2513 Paulus
1704 2471 1895 2512 ludebat.

582 2545 642 2585 Et
686 2544 916 2598 sequitur:
960 2544 1201 2585 Pastorem
1244 2547 1283 2584 te
1320 2543 1490 2596 populo
1535 2544 1615 2582 aut
1656 2548 1774 2594 nega
1816 2543 1898 2581 aut

584 2614 752 2665 exhibe;
783 2626 873 2655 rzon
895 2613 1097 2666 negabis,
1129 2625 1183 2654 rte
1203 2614 1333 2653 caius
1352 2612 1504 2653 sedem
1525 2614 1645 2652 tenes
1673 2609 1676 2664 Ι
1704 2614 1744 2651 te
1763 2617 1898 2662 neges
1937 2609 2015 2643 18:2¹²

583 2685 812 2733 heredem,·
854 2683 1016 2725 Petrus
1057 2683 1127 2724 hic
1170 2685 1244 2734 est,
1287 2682 1365 2734 qai
1400 2681 1599 2723 nescitur
1622 2679 1897 2733 processisse

659 2840 701 2867 17.
723 2833 751 2859 A
771 2832 802 2859 in
823 2839 936 2867 marg:
958 2832 1044 2867 Papa
1065 2834 1194 2859 ornatus
1212 2830 1404 2858 seculariler.

658 2924 710 2957 27.
738 2917 821 2958 Cap.
848 2917 875 2947 ΙΙ
902 2914 1051 2958 (Migne)
1078 2916 1170 2957 Opp.
1197 2915 1219 2954 I,
1246 2925 1279 2956 p.
1306 2913 1383 2956 776.
1417 2912 1468 2946 Cf.
1495 2912 1613 2943 Hussii
1640 2911 1731 2952 Opp.
1761 2907 1853 2943 212b.
