2078 3338
248 239 328 285 284

286 1473 353 1500 The
374 1473 472 1503 Mitre.

969 248 1195 279 ,IOHANNIS
1222 248 1406 279 WYCLIF
1673 238 1780 289 [CAP.
1800 248 1849 275 XI.

533 355 764 394 hitinerali
808 354 854 392 in
901 353 1099 404 signum,
1152 354 1271 404 quod
1312 353 1490 393 habitus
1527 356 1565 392 et
1596 366 1737 405 opera
1767 355 1852 394 Sibi

535 424 719 463 debeant
763 423 981 474 coherere,
1024 423 1090 463 sic
1132 423 1249 474 qnod
1291 425 1433 462 totum
1465 434 1630 475 corpus
1661 436 1850 475 operum

535 506 564 533 a
607 494 797 533 caritate
833 493 1031 545 pectoris
1067 492 1343 545 procederet.
1391 489 1494 543 Que
1540 491 1702 532 caritas
1741 492 1852 532 licet

535 562 596 603 sit
625 560 808 602 modica
838 561 886 601 in
918 575 1001 601 sua
1034 560 1259 613 essencia‚
1305 566 1460 601 tamen
1501 560 1774 601 extenditur
1803 561 1850 601 in

535 631 822 684 quadratum,
868 631 975 684 quia
1019 631 1278 671 secundum
1320 630 1489 670 lineam
1521 636 1792 683 protensam
1825 638 1882 670 a5

535 713 714 740 summo
758 699 806 739 in
849 699 1055 739 infimum
1101 713 1125 739 a
1157 698 1337 739 dextris
1372 698 1625 739 amicorum
1659 700 1714 739 ad
1747 699 1849 740 sini-

534 775 681 810 strum
712 768 1016 821 inimicorum,
1062 774 1109 809 et
1147 770 1203 808 ab
1238 768 1430 822 antiquo
1464 769 1525 808 ad
1556 774 1716 822 patres
1747 783 1850 822 pre-

533 839 702 880 teritos
737 839 794 879 ad
814 844 941 879 retro
977 840 1132 892 quoad
1153 838 1276 879 filios
1306 851 1624 887 successoreS,
1655 838 1850 880 latitudo

534 922 649 950 vero
694 909 742 949 in
787 908 1012 962 operibus
1057 910 1203 949 debet
1255 907 1563 948 effectualiter
1607 907 1851 961 practisari

536 978 970 1032 correspondenter
1002 978 1059 1018 ad
1088 979 1226 1018 istam
1259 977 1599 1031 quadraturam,
1631 978 1758 1018 unde
1794 979 1850 1018 ad
1871 995 1908 1016 10

535 1048 855 1088 denotandum
886 1047 1027 1088 istum
1062 1047 1272 1087 ordinem
1295 1047 1427 1101 prius
1459 1047 1685 1088 recitatur
1706 1047 1850 1087 racio-

533 1119 636 1158 nale
657 1117 705 1157 in
727 1117 899 1158 Exodo
923 1117 1150 1157 XXVIII
1174 1122 1282 1157 ante
1315 1117 1710 1170 superhumerale,
1745 1117 1852 1170 quia

535 1193 729 1241 oportet
759 1187 1029 1227 thesaurum
1051 1187 1238 1227 habitus
1271 1187 1553 1240 procedere,
1586 1199 1689 1227 crim
1720 1200 1850 1227 izemo

533 1259 688 1298 doceat
731 1261 973 1309 antequam
1022 1258 1151 1298 sciat.
1215 1256 1311 1298 Sed
1358 1256 1405 1296 in
1451 1253 1603 1296 ordini
1652 1256 1853 1297 docendi

535 1332 728 1380 oportet
750 1340 871 1380 opus
893 1327 1157 1380 precedere
1179 1326 1310 1367 iuxta
1340 1326 1455 1366 illud
1478 1326 1585 1368 Act.
1616 1325 1780 1379 primo,
1810 1340 1848 1366 1:
1870 1332 1905 1362 15

537 1396 662 1450 Cepit
692 1396 849 1438 Ilzeszts
868 1397 1031 1449 faeere
1063 1400 1100 1437 et
1132 1399 1299 1437 docere.

591 1466 855 1520 Septimum
895 1472 1221 1507 ornamentum
1255 1472 1327 1506 est
1358 1467 1514 1516 mitra,
1558 1466 1742 1518 cydaris
1783 1467 1851 1506 vel

532 1538 705 1589 thyara,
741 1549 832 1589 que
864 1535 1089 1589 imposita
1122 1535 1275 1588 capiti,
1307 1534 1354 1575 in
1386 1549 1479 1588 quo
1502 1534 1637 1588 viget
1668 1548 1848 1587 SenSUS,

533 1607 689 1659 signat
733 1605 862 1658 quod
905 1604 994 1645 illis
1040 1605 1184 1645 debet
1230 1604 1455 1645 committi
1500 1618 1608 1644 cura
1649 1604 1850 1659 regendi

533 1676 659 1728 alios,
702 1676 779 1728 qui
810 1675 869 1715 ad
901 1688 1091 1715 sensum
1121 1673 1125 1729 Ι
1152 1674 1516 1727 preexpositum
1559 1675 1707 1714 sciunt
1743 1686 1847 1727 pre·
1889 1680 1970 1712 232⁸

532 1748 777 1786 eminenter
806 1757 853 1785 se
873 1745 997 1798 ipsos
1028 1752 1193 1797 regere.
1227 1743 1307 1785 Sic
1346 1743 1466 1783 enim
1497 1743 1705 1796 loquitur
1720 1743 1846 1797 Apo-

534 1816 681 1856 stolus
713 1814 863 1868 prima
895 1813 1000 1855 Cor.
1032 1814 1108 1854 XI
1140 1828 1162 1865 3
1211 1814 1269 1854 de
1303 1813 1459 1866 capite
1497 1826 1682 1866 ponens
1714 1817 1851 1866 caput

531 1886 692 1926 uxoris
721 1886 890 1937 virum,
930 1887 1065 1937 capnt
1086 1887 1239 1924 autem
1270 1884 1361 1924 viri
1387 1881 1614 1924 Christum
1647 1886 1686 1923 et
1716 1887 1851 1936 caput

536 1954 704 1997 Christi
739 1955 912 2004 Deum·
959 1967 1019 1994 ex
1064 1967 1158 2007 quo
1203 1953 1429 2007 sequitur,
1475 1953 1604 2006 quod
1637 1952 1849 1994 Christus

534 2032 606 2066 est
630 2030 853 2077 creatura,
895 2038 997 2064 cum
1031 2025 1291 2064 secundum
1313 2023 1646 2063 humanitatem
1667 2022 1850 2076 regitur
1866 2027 1906 2059 25

534 2109 558 2135 a
590 2108 640 2135 se
673 2095 794 2136 Deo.
831 2094 1017 2134 Dicitur
1061 2100 1212 2133 autem
1257 2092 1390 2132 mitra
1420 2091 1567 2132 fuisse
1601 2091 1849 2145 duplicata,

534 2165 664 2205 cuius
696 2177 808 2217 pars
830 2163 1026 2204 interior
1050 2169 1122 2203 est
1142 2163 1333 2211 bissina,
1367 2175 1476 2215 pars
1499 2174 1615 2202 vero
1641 2161 1850 2201 exterior

530 2234 778 2274 iacinctiva
813 2234 993 2273 habens
1033 2233 1079 2273 in
1111 2238 1245 2286 parte
1266 2231 1476 2272 inferiori
1509 2231 1850 2271 semicirculum

534 2317 723 2344 aureum
770 2305 826 2343 ab
862 2303 1051 2342 auribus
1097 2307 1299 2355 occupat
1332 2302 1717 2354 amplectente1n3
1763 2314 1851 2354 per

531 2374 650 2413 hanc
693 2373 839 2426 igitur
883 2372 1095 2426 signatur
1138 2372 1234 2412 vite
1268 2370 1510 2417 mundicia,
1557 2384 1659 2411 cum
1690 2370 1848 2411 bissus
1866 2375 1907 2408 30

533 2443 830 2496 supponitur,
865 2442 1054 2483 celestis
1080 2441 1401 2491 conversacio,
1437 2454 1540 2480 cum
1571 2440 1848 2481 iacinctivus

534 2514 665 2554 color
700 2512 886 2565 eminet,
922 2513 1094 2553 donum
1129 2516 1281 2551 autem
1310 2510 1511 2551 caritatis
1541 2515 1589 2551 et
1611 2509 1847 2563 sapiencie

535 2588 822 2623 connectens
852 2583 942 2622 hec
978 2582 1027 2622 in
1059 2580 1307 2635 capitaneo
1353 2580 1564 2634 signatur
1594 2592 1682 2633 per
1715 2578 1847 2620 semi-

604 2741 631 2770 3.
654 2742 691 2769 B:
713 2750 731 2768 a
753 2742 845 2769 deest.
921 2748 966 2777 17.
986 2742 1015 2768 A
1040 2741 1070 2768 in
1093 2748 1208 2775 marg:
1234 2739 1402 2775 Septimum
1428 2741 1644 2767 ornamentum
1668 2741 1715 2766 est
1737 2739 1850 2772 mitra;

535 2788 555 2815 Β
576 2789 605 2816 in
628 2796 741 2823 marg:
762 2788 931 2823 septimum.

609 2882 658 2906 12.
684 2871 795 2904 Exod.
820 2871 924 2912 XXV,
954 2869 1011 2911 283
1037 2870 1157 2912 XXIX,
1187 2871 1215 2903 5.
