2078 3338
292 268 370 319 382

316 1305 490 1332 ()bedience
510 1308 540 1331 to

317 1340 404 1374 papa]
427 1340 484 1366 law
505 1339 531 1365 is

321 1375 428 1410 falsely
450 1374 538 1401 made

337 1409 386 1436 the
406 1413 464 1436 test
484 1409 519 1436 of

304 1445 546 1479 xffghieousness

295 2427 441 2463 Rapacity
463 2427 496 2454 of
514 2427 562 2453 the

376 2470 480 2498 popes.

1014 275 1237 307 ΑιΟΗΑΝΝΙε
1265 275 1414 305 xvvcu
1425 275 1448 305 F
1688 262 1794 319 [CAP.
1823 273 1885 301 ΧΠ.

577 380 827 434 privilegia
866 385 912 420 et
949 379 1207 428 libertates,
1247 392 1360 431 quas
1402 378 1613 419 Christus
1652 379 1889 420 concessit

578 450 792 499 ecclesie,
822 449 826 503 Ι
853 454 905 488 ut
935 454 1068 501 patet
1099 449 1204 488 Act.
1236 447 1346 498 XV,
1382 448 1448 487 sic
1482 449 1610 501 quod
1640 454 1889 501 peccatum
1935 456 2015 489 256⁸

577 518 973 558 antichristianum
1005 516 1128 557 foret
1159 517 1423 557 libertatem
1460 517 1581 556 illam
1613 518 1780 557 tollere
1813 517 1891 556 vel

575 587 745 627 limites
776 587 823 626 in
856 587 1002 626 altero
1038 591 1252 625 extremo
1279 586 1526 627 excedere.
1560 585 1674 626 Ideo
1699 590 1890 639 oportet

575 657 762 697 fidelem
809 655 971 696 videre
1016 655 1273 695 secundum
1304 656 1460 709 legem
1513 655 1757 709 scripture,
1811 665 1923 697 ‹ex-5

576 727 820 779 primendo
866 726 943 765 vel
975 726 1175 765 tacendo
1221 724 1287 764 sic
1325 724 1512 776 licitum,
1552 730 1599 765 et
1628 726 1890 778 procedere

578 797 834 837 secundum
857 794 1117 835 doctrinam
1138 793 1274 834 huius
1298 794 1580 847 exemplaris
1608 794 1891 848 generaliter

578 872 625 906 et
655 866 864 908 licenter.
894 865 1035 905 Unde
1066 878 1189 918 pene
1222 870 1269 904 et
1302 864 1712 917 dispensacionum
1743 878 1888 905 reser-

577 936 799 976 vaciones
832 934 933 975 sive
963 934 1162 974 licencie
1205 934 1339 974 nimis
1385 940 1614 975 excecant
1649 935 1890 988 populum,

579 1005 698 1046 sicut
731 1004 894 1054 dicam,
933 1003 972 1044 si
1002 1003 1136 1044 Deus
1168 1002 1386 1055 voluerit,
1424 1003 1471 1043 in
1510 1003 1700 1044 materia
1732 1004 1790 1043 de
1823 1016 1889 1043 sa·
1910 1022 1949 1042 10

580 1073 839 1114 oramentis.
862 1073 1048 1113 Dicitur
1066 1073 1187 1113 enim
1204 1074 1332 1126 quod
1355 1073 1578 1114 sacerdos
1599 1072 1891 1113 benedicens

577 1145 625 1184 in
670 1143 888 1184 secundis
926 1143 1110 1196 nupciis
1147 1143 1321 1182 nedum
1359 1142 1676 1196 suspenditur,
1721 1143 1806 1182 sed
1838 1155 1892 1182 eo

578 1214 684 1267 ipso
722 1212 1113 1265 irregularitatem
1143 1212 1350 1266 incurrit,
1390 1214 1475 1252 sed
1513 1212 1729 1252 faciendo
1767 1212 1891 1252 mille

582 1283 884 1323 enormitates
916 1283 1021 1322 Deo
1067 1282 1268 1322 odibiles
1310 1282 1482 1322 nedum
1524 1287 1773 1335 reputatur
1814 1281 1891 1321 im-

579 1353 742 1403 munis,
788 1353 873 1393 sed
915 1366 1002 1405 pro
1047 1353 1249 1405 pecunia
1294 1352 1600 1402 collaudatum
1646 1357 1694 1392 et
1726 1351 1949 1391 funda-15

580 1428 785 1463 mentum
816 1422 864 1462 in
895 1422 983 1462 hiis
1017 1422 1232 1463 omnibus
1266 1428 1340 1464 est
1368 1422 1477 1462 ficta
1503 1421 1793 1472 obediencia,
1827 1420 1893 1462 sic

581 1493 709 1546 quod
741 1506 835 1533 non
858 1492 982 1533 foret
1003 1498 1096 1532 tam
1118 1505 1264 1545 grave
1287 1492 1617 1532 benedicendo
1641 1491 1893 1545 implorare

581 1575 725 1615 super
767 1562 897 1615 prius
940 1562 1101 1615 nuptis
1145 1561 1346 1601 divinam
1389 1561 1607 1616 graciam,
1653 1560 1742 1601 nisi
1787 1559 1895 1614 quia

579 1633 714 1684 leges
746 1632 941 1684 papales
982 1631 1252 1685 precipiunt
1292 1632 1420 1684 quod
1458 1644 1553 1671 non
1589 1630 1681 1671 fiat.
1725 1630 1892 1670 Inobe-

582 1701 774 1750 diencia,
825 1700 1055 1754 inquiunt,
1108 1701 1231 1741 facta
1275 1701 1461 1742 statutis
1506 1700 1768 1754 papalibus7
1823 1704 1894 1739 est
1911 1714 1951 1735 20

580 1769 857 1824 gravissime
900 1770 1153 1823 punienda,
1201 1776 1248 1811 et
1293 1770 1360 1810 sic
1394 1770 1605 1811 Christus
1645 1783 1748 1809 cum
1784 1768 1893 1821 lege

582 1853 664 1880 sua
684 1840 998 1893 postponitur.
1033 1838 1112 1881 Sic
1137 1839 1257 1880 enim
1279 1853 1402 1893 papa
1424 1845 1591 1893 posset
1611 1838 1658 1879 in
1681 1838 1892 1878 tollendo

581 1910 657 1949 vel
696 1908 1016 1949 difficultando
1061 1910 1217 1962 legem
1257 1908 1427 1950 Christi
1466 1909 1722 1949 decernere
1767 1907 1893 1961 quod

581 1979 733 2018 nullus
766 1978 1044 2019 christianus
1075 1978 1203 2018 licite
1236 1978 1376 2019 faciat
1408 1978 1597 2032 aliquod
1626 1990 1747 2031 opus
1779 1989 1893 2016 neu-

582 2053 716 2098 trum,
755 2047 844 2088 nisi
877 2049 1006 2102 quod
1036 2048 1143 2101 ipse
1174 2048 1413 2101 posterius
1447 2047 1757 2102 approbando
1788 2045 1950 2086 rati-25

581 2117 701 2168 licat,
746 2122 794 2157 et
826 2124 1175 2171 consequenter
1207 2117 1421 2158 ordinare
1454 2123 1663 2171 satrapas
1696 2129 1805 2157 suos
1838 2116 1895 2156 ad

584 2186 818 2226 citandum
851 2199 1176 2240 quoscumque
1211 2200 1483 2241 comparere
1505 2198 1821 2240 responsuros
1847 2184 1894 2225 in

584 2269 668 2296 suo
689 2256 876 2307 iudicio,
910 2270 1012 2296 cum
1035 2257 1193 2309 legem
1218 2256 1502 2297 consimilem
1525 2255 1708 2296 ordinat
1729 2253 1894 2295 Ihesus

584 2330 757 2375 noster⁷
802 2330 854 2366 ut
898 2326 1059 2366 dicunt
1096 2326 1364 2379 parificatur
1397 2325 1581 2366 Christo
1612 2323 1894 2375 humanitus3

584 2394 649 2434 sic
689 2394 809 2435 enim
846 2401 1046 2448 possent
1084 2396 1142 2435 ad
1173 2400 1336 2435 votum
1368 2408 1543 2435 vexare
1584 2399 1631 2434 et
1668 2394 1894 2434 mulctare
1910 2400 1950 2433 30

582 2465 824 2517 populum,
864 2470 914 2505 ut
944 2464 1119 2505 faciunt
1150 2465 1197 2505 in
1228 2464 1626 2515 absolucionibus‚
1662 2463 1710 2503 in
1746 2476 1892 2504 reser-

581 2533 858 2575 vaeionibus
888 2539 936 2574 et
956 2534 1004 2574 in
1027 2534 1480 2587 dispensacionibus‚
1514 2540 1574 2586 et,
1597 2538 1650 2574 ut
1672 2532 1892 2582 creditur,

584 2603 894 2656 practizarent
935 2604 1024 2644 hec
1069 2604 1278 2657 amplius,
1323 2603 1411 2644 nisi
1454 2603 1564 2657 quia
1601 2603 1766 2643 timent
1804 2600 1894 2642 sibi

657 2807 681 2826 2.
707 2799 743 2826 13:
769 2798 852 2834 quod
871 2798 965 2826 deest.

652 2900 706 2935 27.
734 2894 865 2925 Citacio
892 2893 1042 2925 auctoris
1069 2892 1243 2925 alluditur.
