2078 3338
213 254 266 304 96

261 526 363 553 There
383 526 409 553 is
429 534 445 552 a

225 562 354 597 varying
374 567 481 596 power

228 597 263 623 of
279 599 491 631 government.

251 632 303 658 but
323 631 353 657 in
374 634 445 657 thus

217 665 304 693 Gods
323 664 493 692 ordinance

270 700 380 727 should
403 700 439 726 be

270 735 428 762 followed.

283 1769 441 1804 Fitzralph

261 1812 371 1841 argues
392 1805 456 1831 that

269 1842 354 1867 there
374 1843 458 1866 must

231 1876 266 1902 be
287 1883 303 1901 a
325 1874 401 1901 head
424 1878 455 1900 to

226 1911 290 1937 mle
303 1910 354 1937 the
368 1908 504 1937 Chul-ch.

951 255 1174 288 JOHANNIS
1200 255 1387 287 WYCLIF
1654 246 1761 294 [CAP.
1783 251 1819 278 V.

508 361 658 402 minus
691 360 946 413 suscipere.
996 359 1057 400 Et
1087 364 1250 413 preter
1279 358 1403 399 illam
1443 363 1516 399 est
1548 358 1658 398 dare
1690 358 1823 398 aliam

507 430 759 471 maneriem
802 428 1057 483 potestatis
1088 428 1401 469 iurisdicionis
1434 427 1535 469 sive
1567 427 1823 480 regiminis,

507 513 599 553 que
631 499 720 540 fuit
751 498 912 552 dispar
940 498 988 538 in
1020 498 1220 539 diversis
1252 496 1484 551 apostolis
1517 502 1565 537 et
1600 496 1823 537 continue

509 574 582 610 est
626 569 786 623 dispar
827 568 874 608 in
919 567 1120 609 diversis
1165 566 1418 621 episcopis.
1470 565 1568 608 Sed
1609 566 1688 606 illa
1729 579 1825 605 non

507 638 766 679 attenditur
816 650 967 690 penes
1022 635 1374 678 institucionem
1423 636 1682 688 humanam,
1740 635 1857 676 sed5

506 721 656 761 penes
698 708 790 747 hoc
834 707 963 760 quod
994 706 1129 747 Deus
1176 705 1410 746 ordinavit
1454 704 1730 759 episcopum
1761 704 1825 745 in-

506 777 686 818 tensius
731 777 810 817 vel
859 775 1101 817 remissius
1154 776 1330 817 debere
1380 787 1554 828 regere
1603 774 1826 814 maiorem

504 852 687 900 partem
720 845 921 886 ecclesie
955 845 1033 885 vel
1064 844 1306 886 minorem.
1351 844 1413 884 Et
1443 857 1538 884 non
1569 843 1827 884 attenditur

504 916 552 956 in
582 916 674 957 isto
707 915 765 955 ad
785 916 1037 955 humanum
1059 914 1308 968 primatum
1333 914 1417 955 sed
1441 914 1497 954 ad
1520 913 1827 967 quantitatem

506 984 759 1039 potestatis
803 998 939 1038 quam
982 985 1117 1024 Deus
1159 983 1373 1024 attribuit
1414 983 1474 1023 ad
1518 982 1827 1023 edificandum
1847 998 1886 1020 10

509 1069 637 1096 suam
671 1054 930 1106 ecclesiam,
965 1058 1014 1093 et
1045 1054 1114 1101 (ut
1147 1053 1320 1094 dictum
1354 1053 1443 1106 est)
1484 1065 1648 1093 omnes
1684 1052 1826 1092 habu-

510 1129 648 1165 erunt
670 1123 970 1165 commixtam
991 1122 1261 1176 potenciam
1283 1135 1429 1176 super
1452 1122 1621 1162 eodem
1643 1121 1826 1175 populo

510 1193 610 1235 sine
641 1192 977 1247 repugnancia,
1021 1192 1193 1233 Petrus
1225 1192 1475 1246 primatum
1505 1204 1601 1231 non
1631 1194 1829 1244 propter

509 1263 863 1316 amplitudinem
894 1261 1237 1303 iurisdiccionis
1270 1262 1356 1303 sed
1376 1265 1577 1315 propter
1592 1260 1829 1301 fervorem

511 1333 783 1374 dileccionis
807 1331 982 1373 Christi
1006 1337 1054 1372 et
1085 1345 1169 1373 sue
1202 1331 1417 1372 ecclesie.
1449 1330 1568 1371 Nam
1600 1336 1653 1371 ut
1684 1329 1826 1370 credo
1849 1335 1884 1368 15

512 1403 658 1444 ceteri
681 1402 926 1444 extensius
946 1402 1233 1454 laborarunt,
1262 1401 1328 1442 ita
1359 1401 1487 1455 quod
1518 1406 1594 1441 tur
1614 1398 1827 1456 {pissime
1871 1404 1950 1446 184d

512 1479 561 1514 et
579 1471 983 1513 inevidentissime
1005 1471 1217 1524 arguitur
1249 1471 1390 1525 quod,
1414 1470 1452 1511 si
1472 1470 1645 1511 Petrus
1665 1468 1830 1509 habuit

511 1543 760 1597 primatum
802 1542 926 1582 inter
957 1542 1217 1595 apostolos,
1255 1547 1366 1582 tunc
1397 1541 1476 1581 ille
1506 1539 1671 1581 habuit
1700 1539 1828 1580 iuris-

514 1612 775 1653 diccionem
832 1611 1148 1652 universalem
1180 1609 1333 1651 tocius
1380 1609 1595 1662 ecclesie,
1657 1614 1705 1649 et
1753 1607 1830 1648 alii

513 1682 841 1737 particularem
884 1696 911 1721 a
941 1681 1087 1722 Petro
1128 1685 1176 1721 et
1221 1680 1321 1722 eius
1352 1679 1540 1720 vicariis
1576 1678 1830 1720 limitatam.
1847 1693 1888 1716 20

571 1752 691 1793 Tres
722 1758 878 1793 tamen
911 1750 1180 1792 evidencias
1209 1749 1361 1791 innuit
1393 1749 1609 1790 dominus
1631 1748 1830 1789 Ardma-

516 1836 659 1864 canus
680 1822 740 1862 ad
760 1822 1080 1863 roborandum
1101 1820 1237 1862 istam
1259 1819 1506 1874 arguciam,
1528 1818 1680 1873 primo
1704 1817 1832 1872 quod

518 1896 712 1946 oportet
753 1891 954 1945 aliquem
999 1889 1260 1944 capitaliter
1305 1889 1372 1930 sic
1414 1901 1584 1942 regere
1629 1901 1691 1928 ex
1721 1900 1831 1927 auc-

516 1961 708 2003 toritate
741 1961 928 2010 domini,
969 1960 1055 2002 sed
1090 1960 1170 2000 ille
1207 1959 1454 2013 potissime
1491 1958 1618 1999 foret
1647 1957 1833 1997 Petrus.

573 2031 654 2072 Ad
673 2031 787 2071 illud
810 2030 979 2071 dicitur
1002 2035 1050 2070 et
1069 2029 1117 2070 in
1139 2029 1344 2069 futurum
1372 2026 1684 2068 declarabitur
1705 2026 1834 2080 quod
1850 2032 1890 2064 25

515 2101 743 2142 hodierna
756 2100 946 2154 gentilis
966 2099 1236 2141 iurisdiccio
1252 2098 1340 2139 fuit
1354 2103 1518 2152 preter
1533 2096 1833 2138 autoritatem

516 2170 709 2211 Domini
753 2183 816 2210 ex
859 2169 1083 2223 superbia
1124 2168 1405 2217 introducta,
1452 2167 1560 2221 quia
1588 2166 1723 2207 iuxta
1754 2166 1834 2206 de-

519 2245 697 2281 cretum
739 2239 868 2281 beati
909 2238 1136 2291 Jeronimi
1166 2237 1304 2279 XCV
1336 2237 1667 2278 distinccione:
1715 2235 1834 2276 Olim

518 2311 704 2352 ecclesia
733 2310 1035 2364 regulahatur
1063 2309 1111 2350 in
1142 2308 1376 2362 principio
1407 2307 1642 2349 communi
1677 2318 1834 2347 sacer-

518 2382 671 2421 dotum
715 2380 914 2429 consilio,
959 2379 1080 2420 sicut
1122 2377 1210 2419 fuit
1252 2383 1468 2431 tempore
1511 2376 1834 2430 apostolorum
1852 2379 1894 2412 30

521 2450 752 2491 subducta
774 2448 1111 2489 dominacione.
1140 2447 1202 2487 Et
1222 2448 1281 2487 ad
1304 2445 1570 2487 docendum
1591 2458 1678 2486 nos
1698 2445 1833 2486 istam

521 2519 809 2561 sentenciam
853 2519 996 2559 credo
1040 2517 1269 2571 Spiritum
1313 2515 1536 2558 Sanctum
1581 2515 1836 2564 ordinasse,

520 2589 646 2643 quod
688 2588 736 2629 in
777 2589 888 2642 lege
932 2587 1103 2629 Christi
1150 2591 1501 2641 preponeretur
1552 2585 1836 2639 quandoque

591 2749 619 2777 6.
641 2749 679 2777 B:
700 2748 784 2784 quod
804 2749 887 2776 Deus
907 2750 961 2776 est.
1038 2746 1080 2775 13.
1102 2747 1156 2775 AB
1176 2747 1207 2774 in
1230 2754 1346 2782 marg:
1369 2746 1481 2773 Petrus
1499 2745 1651 2780 quomodo
1670 2744 1837 2779 primatum

520 2795 629 2823 habuit
647 2795 728 2823 inter
747 2795 917 2831 apostolos.
993 2802 1038 2822 21.
1059 2794 1088 2821 A
1107 2794 1138 2821 in
1159 2801 1273 2828 marg:
1294 2796 1318 2819 1.

593 2881 645 2911 28.
671 2879 761 2912 Vide
787 2888 891 2921 supra
917 2888 995 2921 pag.
1023 2887 1078 2921 9²·
