2078 3338
197 284 287 312 CAP.
314 276 396 327 ΧΠ]
599 288 655 317 DE
683 287 963 318 POTESTATE
990 287 1120 318 PAPE.

1723 287 1800 325 37Ι

255 389 352 430 Sed
398 395 582 430 constat
627 389 801 430 sciolos
847 390 975 443 quod
1017 403 1113 429 non
1146 395 1219 430 est
1252 390 1401 430 color:
1464 387 1576 430 SiTo
1599 397 1637 424 do
1654 405 1688 424 so
1707 398 1733 423 is
1756 403 1809 425 not

1582 437 1612 458 to
1634 432 1690 459 rob
1710 432 1760 458 the

195 460 364 498 beatus
395 458 487 499 iste
520 458 632 498 dicit
665 461 792 512 quod
824 458 1064 512 principes
1097 459 1274 499 debent
1298 457 1433 507 tueri,
1468 462 1515 497 et
1547 465 1671 493 Church
1694 466 1746 493 but
1766 470 1797 493 ιο

195 541 291 567 non
324 527 437 568 dicit
469 528 596 580 quod
632 528 809 568 debent
840 528 1046 581 spoliare
1079 527 1339 577 ecclesiam,
1371 527 1516 582 igitur

196 610 293 637 non
335 596 447 637 licet
492 597 558 637 eis
604 610 665 636 ex
711 597 901 638 caritate
946 596 1286 637 medicinaliter
1330 596 1514 637 auferre

166 666 473 720 §temporalia
517 669 576 708 ab
618 667 819 707 eeclesia
851 666 1169 720 delinquente.
1224 665 1358 708 Sicut
1396 665 1517 706 enim

196 749 364 791 magna
409 741 482 777 est
527 736 754 777 distancia
797 736 919 778 inter
958 738 1109 777 celum
1143 742 1190 777 et
1221 742 1405 788 terram,
1450 735 1516 776 sic

197 808 391 847 multum
415 806 588 847 distant
609 807 866 859 predanter
888 807 1092 860 spoliare
1110 813 1158 848 et
1178 805 1518 847 medicinaliter

199 877 265 918 sic
318 876 517 919 auferre.
577 876 695 917 Ideo
747 883 937 918 notaret
988 877 1054 918 sic
1112 891 1329 931 arguens,
1389 877 1518 929 quod

198 953 386 988 sanctus
420 948 589 987 doctor
611 946 742 988 dicit:
775 947 1013 1000 Principes
1044 949 1200 988 debere
1229 947 1349 988 tueri
1382 947 1516 987 eccle-

144 1017 331 1067 1osiczm,
373 1030 463 1058 non
506 1017 615 1058 dicit
658 1018 816 1058 dotare
858 1019 1171 1071 temporaliter
1212 1018 1280 1058 vel
1317 1018 1476 1058 ditare.
1512 1016 1515 1071 1

77 1091 158 1127 253¹²
197 1087 337 1128 Unde
380 1087 526 1128 maior
577 1087 832 1128 elemosina
883 1087 1009 1128 foret
1058 1087 1353 1142 principibus
1396 1086 1518 1127 tueri

198 1156 444 1197 ecclesiam
487 1156 535 1197 in
576 1156 802 1198 limitibus
844 1157 1088 1211 religionis
1133 1170 1270 1211 quam
1304 1156 1516 1197 Christus

194 1226 396 1267 instituit
428 1240 566 1279 quam
598 1228 708 1267 dare
740 1226 829 1268 sibi
852 1227 1193 1280 quantamlibet
1215 1226 1516 1267 elemosinam

198 1297 513 1350 corporalem3
549 1301 598 1337 et
626 1298 719 1337 hoc
751 1303 967 1350 possunt,
1002 1310 1105 1337 cum
1136 1302 1341 1350 possunt
1363 1297 1516 1349 culpa-

143 1365 355 1408 15biliter
396 1367 485 1407 hos
529 1366 769 1420 privilegii
821 1367 991 1407 limites
1043 1381 1131 1420 per
1175 1366 1395 1407 accidens
1441 1367 1516 1406 de·

197 1442 394 1486 struere,
447 1442 494 1477 et
544 1450 632 1490 per
677 1450 980 1490 consequens
1023 1443 1228 1491 possunt
1278 1437 1517 1477 meritorie

198 1506 393 1547 eosdem
444 1506 684 1562 privilegii
733 1506 906 1548 limites
966 1507 1189 1549 stabilire.
1253 1506 1346 1560 Qui
1397 1506 1518 1547 enim

195 1576 339 1617 habet
383 1577 642 1617 secundum
685 1578 820 1632 leges
866 1577 1060 1631 dyaboli
1101 1577 1371 1617 facultatem
1408 1589 1517 1630 pec-

198 1645 346 1696 candi,
389 1647 534 1688 habet
576 1647 744 1700 pocius
788 1647 1058 1688 facultatem
1089 1648 1348 1687 secundum
1381 1647 1518 1700 leges

141 1734 182 1755 20
196 1715 290 1756 Dei
334 1715 424 1756 sibi
458 1723 504 1758 et
537 1717 740 1757 ecclesie
772 1717 1085 1770 promerendi.
1140 1716 1255 1757 Ideo
1291 1717 1412 1758 sicut
1449 1729 1517 1757 se-

198 1786 380 1827 culares
423 1792 628 1840 possunt
673 1790 846 1828 obesse
892 1787 1094 1828 ecclesie
1125 1800 1212 1841 per
1250 1788 1439 1827 stultam
1473 1792 1520 1827 et

197 1857 456 1896 secularem
503 1856 797 1897 dominorum
839 1857 1152 1907 dotacionem‚
1205 1856 1272 1898 sic
1315 1863 1520 1911 possunt

195 1925 377 1966 facilius
403 1932 543 1980 atque
564 1927 790 1968 licencius
818 1928 1048 1980 prodesse
1077 1927 1281 1967 ecclesie
1304 1940 1390 1980 per
1412 1940 1518 1979 pru—

198 1996 386 2036 dentem
421 2009 582 2036 eorum
621 1996 1012 2039 subtraccionem.
1064 1997 1158 2037 Pro
1195 1996 1519 2036 declaracione

139 2072 351 2107 25autem
397 2067 715 2108 conclusionis
759 2067 974 2120 predicte
1015 2067 1150 2120 capio
1202 2067 1330 2120 quod
1368 2072 1520 2108 status

198 2135 577 2190 exproprietarie
609 2136 817 2186 vivendi,
855 2136 902 2176 in
936 2150 1029 2190 quo
1063 2136 1184 2176 vixit
1223 2137 1378 2176 clerus
1412 2142 1519 2176 ante

198 2205 513 2256 dotacionem⁷
560 2206 620 2247 sit
669 2206 836 2247 melior
882 2207 1007 2246 clero
1060 2212 1202 2259 atque
1253 2204 1520 2259 perfeccior

197 2289 335 2328 quam
380 2281 616 2329 quotquot
661 2277 900 2317 seculares
943 2275 1104 2315 mundi
1151 2274 1340 2323 divicie;
1393 2274 1521 2328 quod

197 2347 352 2397 probo
384 2358 471 2398 per
502 2346 594 2385 hoc
640 2346 769 2399 quod
806 2344 1234 2399 proporcionaliter
1265 2350 1316 2384 ut
1349 2343 1520 2397 aliquid

142 2421 182 2451 30
197 2414 381 2455 adiacet
423 2415 595 2455 viatori
636 2416 745 2468 plus
787 2415 944 2468 ipsum
986 2414 1234 2455 habilitans
1281 2414 1337 2453 ad
1374 2413 1520 2454 beati-

197 2484 410 2524 tudinem
454 2484 787 2538 acquirendam
834 2490 906 2524 est
954 2484 1109 2537 ipsum
1160 2483 1324 2523 melius
1379 2488 1520 2535 atque

197 2553 376 2605 utilius;
424 2555 511 2594 sed
543 2559 695 2594 status
727 2554 804 2594 ille
837 2555 896 2594 ad
927 2554 1068 2593 finem
1099 2553 1228 2593 illum
1259 2551 1410 2605 magis
1443 2553 1519 2592 ha-

197 2622 362 2676 bilitat,
395 2623 539 2678 igitur
572 2629 645 2664 est
675 2623 869 2664 habenti
899 2624 1008 2676 plus
1044 2622 1183 2664 utilis.

256 2692 412 2733 Minor
434 2695 663 2747 probatur
686 2692 953 2746 tripliciter:
982 2692 1135 2745 primo
1169 2705 1257 2745 per
1277 2692 1368 2731 hoc
1393 2691 1521 2744 quod

142 2766 181 2798 35
200 2762 367 2804 Ihesus
400 2770 563 2804 noster
586 2764 717 2804 aliter
747 2763 1139 2803 inconvenienter
1164 2763 1295 2802 daret
1318 2761 1520 2802 ecclesie

274 2930 320 2956 24.
344 2921 442 2949 Codd.
463 2922 494 2950 in
517 2930 631 2957 marg:
652 2921 760 2949 Status
779 2926 1051 2957 exproprzelarzux
1070 2925 1116 2948 est
1133 2921 1243 2948 melzor
1262 2920 1354 2948 clero.

1316 2967 1382 3008 24*

1583 505 1701 536 protect
1721 501 1754 529 it.
