2078 3338
277 260 357 308 298

306 669 395 697 False
414 669 523 697 claims

296 709 341 732 set
361 713 402 739 up
423 704 463 739 by
483 706 534 732 the

325 739 419 775 papal
439 741 508 768 law,

328 2340 423 2368 Some
444 2347 514 2374 say:

317 2374 523 2401 Endowment

317 2410 453 2444 replaces
475 2408 523 2435 the

336 2452 443 2479 power
463 2444 498 2471 of

348 2479 488 2513 working

344 2514 496 2541 miracles.

1009 262 1234 296 JOHANNIS
1259 261 1446 293 WYCLIF
1695 252 1803 299 [CAP.
1825 259 1874 287 XI.

566 370 770 412 exclusit
813 368 1080 420 dominium,
1126 373 1177 407 ut
1219 372 1353 421 patet
1393 365 1620 419 superius.
1670 364 1884 406 Iudicent

563 440 708 493 igitur
739 439 862 479 inter
894 437 1184 486 evidencias;
1218 438 1351 477 Deus
1384 434 1624 476 interdicit
1646 434 1885 474 sacerdoti

568 509 739 551 Christi
763 508 1015 548 dominium
1040 513 1087 547 et
1109 507 1190 547 dat
1212 505 1414 547 seculari
1446 504 1710 555 dominium,
1741 503 1885 558 igitur

568 580 634 620 sic
680 580 825 620 debet
869 591 988 618 esse.
1049 577 1111 617 Et
1144 590 1276 617 cesar
1307 576 1385 616 vel
1415 576 1496 615 lex
1527 574 1709 628 papalis
1741 579 1885 628 negat

568 648 768 689 seculari
800 648 967 687 adesse
1001 646 1251 687 dominium
1275 651 1323 686 et
1346 645 1460 685 dicit
1492 644 1621 697 quod
1649 656 1770 696 pape
1798 641 1803 698 Ι
1832 656 1884 683 ac
1925 649 2004 681 235⁰

569 717 811 772 episcopis
845 717 991 756 debet
1023 716 1190 756 adesse
1214 714 1548 769 quodcumque
1571 713 1782 753 seculare
1805 712 1885 753 do-

567 788 769 840 minium⁷
811 786 956 840 igitur
999 799 1174 827 verum.
1234 785 1296 825 Et
1339 784 1406 824 sic
1452 785 1510 823 de
1553 782 1655 824 istis
1697 782 1817 823 locis
1862 795 1887 822 a

568 857 724 898 simili:
773 856 984 897 Christus
1029 854 1230 895 exclusit
1275 867 1327 894 se
1361 859 1407 894 et
1440 866 1551 893 suos
1585 853 1829 906 apostolos
1863 865 1887 891 a

569 926 769 968 seculari
813 925 1030 977 dominio,
1073 924 1217 978 igitur
1258 936 1344 977 per
1386 922 1511 963 idem
1553 923 1644 962 hoc
1683 922 1829 961 debet
1860 934 1888 961 a

568 997 663 1037 suis
707 995 891 1036 vicariis
937 994 1194 1046 observari,
1245 999 1293 1034 et
1337 992 1573 1033 seculares
1618 991 1793 1032 domini
1835 1004 1945 1031 acm

567 1066 737 1120 prelati
787 1064 1041 1105 vendicant
1103 1063 1191 1106 sibi
1253 1061 1626 1103 dominacionem
1688 1060 1886 1112 civilem,

568 1136 706 1190 primi
755 1134 986 1189 legittime
1040 1139 1087 1174 et
1138 1132 1334 1174 secundi
1386 1131 1503 1172 falsa
1552 1130 1886 1184 usurpacione‚

567 1206 711 1259 igitur
741 1218 829 1258 per
865 1201 990 1244 idem
1021 1216 1182 1244 omnes
1217 1201 1374 1242 clerici
1411 1202 1588 1241 debent
1621 1199 1777 1240 taliter
1809 1200 1886 1239 do-

568 1275 743 1316 minari.
775 1274 829 1314 In
861 1274 979 1314 tales
1013 1273 1226 1327 argucias
1259 1271 1540 1312 arundineas
1572 1275 1889 1324 prorumpunt

570 1344 650 1398 qui
681 1343 853 1384 siciunt
884 1342 1097 1383 seculare
1122 1341 1394 1389 dominium;
1429 1346 1476 1380 et
1506 1352 1706 1380 necesse
1740 1344 1812 1379 est
1837 1344 1888 1379 ut
1908 1341 1943 1375 15

568 1413 904 1467 multiplicetur
923 1413 970 1452 in
995 1412 1121 1452 clero
1146 1410 1328 1462 Christi,
1360 1410 1480 1451 sicut
1508 1409 1556 1450 in
1581 1414 1716 1462 parte
1738 1408 1888 1449 multi-

569 1484 835 1537 plicabatur
877 1482 924 1522 in
970 1483 1095 1522 clero
1127 1480 1248 1534 legis
1285 1479 1477 1532 veteris,
1519 1478 1623 1519 talis
1666 1477 1889 1531 confusio,

571 1566 818 1607 quousque
851 1551 1170 1592 Antichristus
1216 1551 1518 1590 destruxerat
1553 1549 1762 1588 membra
1794 1560 1890 1589 sua.

570 1623 687 1663 Ideo
722 1636 826 1662 cum
859 1621 1116 1661 secundum
1138 1619 1453 1660 variacionem
1478 1617 1570 1658 loci
1593 1623 1640 1658 et
1660 1616 1888 1670 temporis

571 1692 805 1746 agendum
839 1696 924 1744 est,
967 1695 1020 1730 ut
1063 1688 1291 1743 congruit,
1333 1693 1468 1742 patet
1498 1687 1626 1740 quod
1657 1690 1889 1741 regnante
1906 1705 1948 1726 20

571 1760 838 1816 cupiditatis
870 1759 1053 1800 malicia
1085 1759 1330 1813 sequenda
1362 1763 1435 1798 est
1455 1756 1593 1797 nobis
1616 1755 1694 1796 via
1717 1754 1891 1796 Christi

571 1830 829 1876 sollercius‚
862 1843 968 1870 nam
998 1828 1268 1869 imminente
1301 1827 1463 1868 maiori
1499 1826 1712 1880 periculo
1747 1826 1891 1865 debet

571 1900 843 1955 periclitans
876 1898 1025 1952 magis
1056 1898 1191 1939 inniti
1223 1896 1464 1951 suffragio.
1511 1895 1589 1937 Sic
1624 1894 1744 1935 enim
1776 1893 1892 1934 fecit

571 1970 799 2011 sacerdos
832 1968 1044 2009 Christus
1077 1967 1275 2008 veniens
1318 1966 1365 2006 in
1404 1978 1583 2006 summo
1623 1964 1773 2018 gradu
1812 1977 1889 2004 ex-

570 2038 926 2094 propriacionis,
966 2038 1152 2091 quando
1193 2049 1370 2077 summe
1401 2034 1624 2090 regnavit
1661 2033 1891 2087 cupiditas
1909 2042 1948 2074 25

572 2110 885 2150 sacerdotum.
937 2108 998 2148 Et
1028 2108 1117 2147 hec
1151 2111 1224 2147 est
1257 2119 1395 2146 causa
1427 2104 1642 2158 apostoli,
1678 2109 1729 2144 ut
1759 2103 1891 2156 prius

574 2178 789 2232 exposui.
823 2177 1124 2226 molimenta,
1158 2177 1310 2229 iuquit,
1344 2179 1534 2228 tempus,
1557 2174 1773 2227 quoniam
1797 2174 1893 2214 dies

573 2249 688 2289 mali
718 2250 834 2299 suut,
874 2248 999 2287 unde
1031 2245 1166 2286 nimis
1199 2245 1480 2285 blasfemant
1511 2244 1779 2296 degeneres
1813 2241 1893 2296 qui

573 2318 735 2358 dicunt
779 2317 907 2369 quod
949 2321 1042 2356 tam
1085 2315 1199 2356 utile
1247 2320 1295 2355 et
1336 2320 1430 2354 tam
1488 2312 1777 2353 conveniens
1820 2317 1893 2353 est

573 2386 714 2428 statui
747 2386 861 2426 cleri
892 2385 1033 2425 modo
1068 2384 1204 2425 ditari
1235 2384 1432 2437 amplius
1466 2396 1605 2437 quam
1625 2382 1893 2422 necessaria
1908 2389 1950 2421 30

572 2457 660 2497 fuit
691 2461 908 2509 potestas
940 2454 1148 2495 faciendi
1181 2454 1404 2494 miracula
1434 2453 1481 2493 in
1514 2452 1716 2493 ecclesia
1736 2451 1889 2506 primi-

570 2526 670 2567 tiva.
709 2525 905 2565 Revera
935 2530 1047 2565 tunc
1078 2537 1168 2564 nec
1201 2525 1353 2564 clerus
1385 2522 1771 2576 possessionatus
1802 2534 1891 2561 nec

570 2596 734 2650 laycus
768 2595 901 2635 daret
933 2594 1230 2648 corporalem
1263 2593 1563 2634 elemosinam
1593 2590 1890 2643 mendicanti,

572 2665 695 2706 sicut
737 2664 943 2717 apostoli
984 2677 1081 2704 non
1126 2662 1435 2704 diminuerent
1467 2663 1526 2703 de
1557 2666 1797 2716 potestate
1829 2660 1889 2701 fa-

644 2810 690 2830 20.
715 2802 752 2829 B:
775 2804 979 2838 repugnante.

645 2893 698 2926 27.
724 2884 814 2927 Eph.
834 2886 875 2927 V,
908 2896 956 2917 10.
