2078 3338
155 261 243 290 CAP.
270 255 353 306 ΧΠ]
549 265 608 296 DE
635 265 914 297 POTESTATE
946 266 1074 298 ΡΑΡΕ.

212 368 305 408 Hic
323 381 578 422 possumus
597 369 790 422 palpare
812 369 851 409 si
864 369 968 422 plus
984 368 1218 422 diligimus
1235 368 1469 410 Christum

156 437 400 490 sequendo
426 437 524 478 eius
546 437 762 491 vestigia,
786 451 923 491 quam
950 438 1226 479 sacerdotes
1250 451 1469 480 cesareos

154 511 354 559 propter
385 507 617 547 mundum.
655 507 717 548 Et
745 508 833 547 hec
865 506 991 547 racio
1026 507 1095 560 (ut
1127 506 1289 562 credo)
1322 507 1471 548 movit

153 575 472 629 Augustinum
518 576 720 629 epistola
763 577 820 627 ad
853 576 1071 628 Cirillum,
1117 576 1305 630 quando
1339 576 1471 627 dixit,

121 647 404 699 Spostquam
443 646 672 686 allocutus
712 651 784 687 est
815 648 1005 688 beatum
1037 646 1342 700 jeronymum
1379 647 1471 687 iam

153 720 405 755 mortuum:
444 715 594 756 Testor
613 715 776 767 Deum,
805 717 919 767 quod
945 728 975 757 α
996 719 1197 768 tempore
1217 717 1293 757 illo
1310 717 1472 769 pocius

153 785 411 826 desideravi
430 786 607 827 subesse
627 798 765 838 qnam
781 799 978 839 preesse.
1012 785 1131 826 Nam
1152 785 1285 826 iuxta
1315 787 1471 840 legem

155 861 202 895 et
218 854 553 896 diffinicionem
569 854 741 896 Christi
755 855 920 897 Matth.
935 855 1058 895 XX:
1074 855 1238 906 Maior,
1256 855 1473 909 superior

153 924 231 963 vel
262 924 472 977 prelatus
518 924 732 975 ecclesie,
779 925 925 967 debet
969 926 1168 966 subesse
1211 924 1471 966 ministerio

99 1007 138 1028 10
154 993 249 1034 suis
283 994 497 1046 subditis,
537 1008 627 1048 que
667 995 871 1036 servitus
905 995 1013 1035 dum
1047 995 1252 1035 defuerit
1287 995 1471 1048 prelato

155 1076 348 1104 cesareo
380 1077 476 1105 non
509 1073 582 1105 est
612 1078 749 1118 papa,
782 1078 878 1105 non
911 1064 1031 1105 enim
1062 1065 1206 1106 habet
1236 1078 1369 1105 cesar
1396 1064 1474 1105 vel

154 1133 286 1173 Deus
318 1138 605 1187 potestatem
644 1134 711 1175 sic
742 1134 952 1175 mutandi
990 1134 1145 1174 officia
1182 1135 1473 1188 prelatorum

156 1202 373 1254 ecclesie,
407 1208 560 1243 stante
581 1217 696 1244 vero
719 1203 908 1244 nomine
933 1217 1093 1244 eorum
1117 1204 1245 1257 quod
1261 1203 1473 1244 Christus

153 1270 373 1324 instituit3
393 1273 528 1313 Deus
544 1272 666 1313 enim
679 1286 772 1313 non
787 1277 952 1326 potest
968 1272 1016 1313 in
1031 1272 1473 1322 contradiccionem‚

101 1344 260 1381 15cum
304 1346 416 1382 tunc
459 1341 585 1382 foret
629 1341 889 1383 contrarius
928 1341 1018 1384 sibi
1048 1341 1151 1395 ipsi.
1213 1341 1330 1382 Ideo
1362 1341 1475 1382 licet

157 1423 291 1451 cesar
335 1410 533 1462 ordinet,
579 1412 708 1465 quod
749 1411 1032 1465 regulariter
1071 1411 1328 1465 episcopus
1361 1424 1473 1450 suus

155 1479 303 1532 presit
348 1479 446 1520 aliis
492 1480 747 1534 episcopis,
791 1480 1066 1534 recipiendo
1101 1493 1126 1520 a
1157 1485 1256 1521 toto
1289 1480 1473 1534 populo

154 1549 360 1590 honores
393 1551 669 1601 mundan05‚
704 1556 752 1591 et
773 1555 903 1592 totus
925 1551 1134 1604 populus
1157 1549 1312 1591 subsit
1333 1562 1474 1602 gene-

154 1618 314 1659 raliter
346 1633 431 1660 suo
466 1620 676 1674 decreto,
707 1633 804 1660 non
834 1625 1091 1673 propterea
1113 1619 1325 1673 sequitur
1347 1619 1475 1672 quod

99 1703 140 1725 20
157 1687 217 1728 sit
247 1701 388 1742 papa3
431 1688 523 1729 hoc
563 1689 684 1729 enim
721 1694 887 1743 potest
930 1694 1204 1742 competere
1247 1689 1385 1741 layco
1424 1692 1476 1727 ut

158 1757 306 1797 cesari
349 1758 426 1798 vel
472 1757 546 1798 alii
590 1758 777 1799 abiecto
820 1759 1031 1798 membro
1067 1756 1270 1811 dyaboli.
1322 1756 1473 1798 Racio

155 1825 301 1879 igitur
330 1832 534 1880 papatus
567 1826 785 1871 consistit
814 1827 862 1867 in
887 1826 1119 1868 humiliori
1155 1826 1311 1867 officio
1343 1825 1473 1866 mini-

158 1896 347 1950 strandi,
391 1896 514 1938 sicut
557 1897 690 1938 stetit
731 1897 778 1938 in
822 1900 967 1940 beato
1011 1896 1157 1937 Petro
1202 1902 1249 1937 et
1293 1895 1474 1948 ceteris,

158 1966 286 2018 quod
318 1965 464 2007 solius
496 1965 591 2007 Dei
624 1972 697 2007 est
731 1971 944 2007 creature
977 1966 1251 2008 concedere.

100 2044 139 2075 25
214 2034 275 2074 Et
305 2040 451 2089 patet,
484 2035 612 2089 quod
643 2035 792 2089 magis
824 2035 1096 2090 periculosa
1122 2033 1325 2075 mutacio
1347 2034 1475 2086 regis

158 2105 382 2158 superbie
434 2110 527 2147 stat
575 2106 623 2146 in
672 2106 765 2146 hoc
817 2106 946 2159 quod
999 2110 1198 2145 excecat
1247 2103 1475 2154 homines,

156 2174 380 2215 mutando
425 2175 698 2216 sacerdotes
742 2175 803 2215 ad
848 2174 1131 2215 contrarium
1172 2172 1315 2214 officii
1348 2173 1477 2227 quod

159 2241 371 2285 Christus
416 2244 484 2285 eis
533 2243 746 2286 instituit.
806 2243 1100 2297 Equivocato
1154 2242 1275 2283 enim
1318 2242 1473 2283 officio

157 2326 355 2355 necesse
400 2319 472 2355 est
514 2320 566 2355 ut
607 2314 872 2368 producant
915 2312 1164 2354 ecclesiam
1208 2317 1257 2353 et
1293 2311 1474 2352 fructus

103 2392 144 2424 30
160 2383 475 2436 equivocatos.
507 2384 568 2424 Et
595 2389 728 2437 patet
755 2382 1042 2437 generaliter
1065 2383 1123 2422 de
1156 2381 1282 2422 omni
1312 2385 1473 2421 curato

41 2462 123 2495 252⁸·
159 2452 261 2493 sive
289 2453 294 2507 Ι
321 2453 592 2507 presbitero
637 2455 764 2507 quod
809 2466 833 2492 a
877 2452 1013 2506 signo
1057 2452 1196 2492 valde
1242 2449 1478 2504 probabili

158 2522 350 2578 indigne
394 2522 575 2577 appetit
618 2522 824 2576 pastoris
876 2521 1096 2573 officium,
1149 2521 1333 2575 quando
1384 2525 1478 2561 tam

229 2703 250 2729 4
280 2693 397 2722 Codd.:
418 2693 617 2730 Augustinus
693 2693 719 2722 8.
748 2693 770 2720 B
790 2694 821 2721 in
842 2701 957 2729 marg:
984 2692 1127 2720 Prelatus
1153 2700 1225 2720 vere
1252 2699 1312 2719 non
1339 2694 1385 2719 est
1408 2691 1479 2719 dum

161 2740 276 2768 viciose
294 2739 398 2776 deficit
416 2749 435 2768 a
454 2741 637 2768 ministerio.

231 2833 263 2863 4.
289 2825 435 2856 Videtur
460 2835 536 2857 esse
561 2825 625 2866 Ep.
645 2823 817 2856 CXXXIV
843 2824 885 2855 ad
903 2823 1121 2865 Apringium,
1146 2821 1204 2854 ubi
1231 2822 1342 2863 leges:
1370 2821 1478 2853 Cuius

164 2883 366 2916 utilitatibus
392 2884 520 2928 servio,
547 2884 602 2914 cui
627 2892 699 2914 non
717 2888 787 2913 tam
806 2891 970 2923 praeesse
989 2891 1094 2923 quam
1113 2880 1283 2922 prodesse
1303 2879 1477 2914 desidero.

1676 263 1756 311 365

1544 791 1611 819 The
1630 797 1696 820 true

1557 835 1691 867 papacy.

1530 867 1663 890 cons1sts
1684 871 1714 890 m

1557 899 1683 928 service.

1518 2048 1679 2077 Ambition
1700 2049 1735 2077 of

1525 2084 1612 2112 office
1632 2085 1735 2112 shews

1531 2120 1595 2146 that
1615 2127 1631 2146 a
1652 2127 1723 2147 man

1551 2155 1607 2181 has
1628 2155 1702 2181 been

1538 2189 1661 2216 blinded
1684 2190 1722 2225 by

1571 2225 1676 2253 Satan.
