2078 3338
257 226 310 263 60

312 980 340 1008 3.
362 980 464 1007 Peters

323 1015 451 1052 charity.

264 1885 411 1913 Different
430 1893 514 1921 ways

323 1920 357 1948 of
374 1920 452 1948 love.

987 239 1211 272 „IOHANNIS
1237 241 1422 273 WYCLIF
1668 231 1777 287 [CAP.
1803 243 1856 270 111.

545 344 789 398 donorum,
820 349 868 384 et
890 346 1076 397 quando
1101 346 1267 386 crebro
1291 359 1343 385 se
1365 346 1591 400 exposuit
1612 354 1719 389 ante
1743 348 1857 390 alios

544 414 802 467 apostolOS,
845 427 941 454 non
973 414 1040 455 sic
1071 414 1186 456 fecit
1217 415 1374 468 gracia
1405 417 1623 458 mundani
1665 419 1858 459 honoris

542 481 640 539 vell
660 484 906 536 commodi,
940 485 1028 524 sed
1058 484 1305 536 humiliter,
1337 486 1620 528 obedienter
1648 493 1696 528 et
1718 488 1861 529 servi-
1904 495 1980 536 175c

541 554 651 594 liter
682 567 770 607 pro
804 555 1132 607 supportando
1167 568 1312 595 onere
1336 555 1519 598 Christi.
1549 556 1611 597 Et
1643 558 1710 598 sic
1734 558 1859 611 quic-

544 623 657 676 quid
689 624 747 664 de
777 623 883 677 ipso
915 624 1117 677 legimus
1150 637 1322 665 sonans
1354 625 1401 665 in
1431 625 1530 666 eius
1553 627 1893 669 maioritatem5

544 706 688 746 super
731 692 846 733 alios
891 694 1137 747 apostolos
1177 694 1289 734 dicit
1320 694 1631 736 maioritatem
1663 710 1747 737 sue
1779 698 1861 738 hu-

543 762 750 803 militatis
790 768 929 816 atque
963 763 1164 811 servicii,
1207 764 1315 817 quia
1344 764 1476 806 iuxta
1512 766 1604 806 hoc
1638 766 1785 807 debet
1814 767 1860 807 in

545 832 612 872 eis
656 832 893 873 maioritas
938 833 1129 885 attendi,
1173 840 1224 874 ut
1267 839 1401 887 patet
1444 835 1587 878 Math.
1623 835 1771 876 XVII
1816 842 1864 877 et

542 901 667 942 Luce
699 901 852 942 XXII
885 916 944 942 ex
979 903 1268 944 diffinicione
1300 904 1525 958 magistri.

602 971 835 1024 Quantum
859 972 917 1011 ad
938 965 1130 1012 terciam
1153 972 1390 1026 virtutem,
1414 973 1596 1014 scilicet
1611 974 1864 1029 caritatem,
1883 990 1922 1011 ιο

543 1047 678 1096 patet
700 1042 829 1095 quod
849 1041 1021 1082 Petrus
1045 1042 1203 1083 socios
1237 1056 1349 1083 suos
1381 1049 1697 1097 precesserat,
1730 1050 1864 1097 patet

544 1125 606 1152 ex
626 1112 818 1152 fervore
836 1125 1047 1165 operum,
1065 1113 1193 1165 quod
1216 1118 1409 1165 oportet
1430 1114 1865 1168 correspondenter

545 1195 607 1222 ex
643 1181 806 1222 maiori
844 1181 1105 1222 dileccione
1142 1183 1427 1235 procedere;
1475 1189 1522 1223 et
1568 1183 1866 1225 confirmatur

545 1265 606 1292 ex
648 1252 740 1291 hoc
785 1251 914 1304 quod
959 1251 1091 1292 aliter
1121 1251 1293 1292 Petrus
1326 1252 1450 1293 foret
1482 1252 1617 1293 nimis
1648 1253 1863 1307 ingratus

541 1321 632 1362 nisi
668 1321 943 1375 magistrum
980 1327 1074 1362 tam
1112 1322 1412 1376 singulariter
1451 1336 1556 1362 eum
1589 1322 1863 1377 diligentem
1885 1331 1921 1363 15

543 1405 568 1432 a
598 1397 728 1432 tanta
757 1391 1053 1444 blasphemia
1086 1394 1441 1446 abstergentem
1480 1399 1527 1434 et
1565 1406 1711 1447 super
1746 1407 1865 1434 oves

543 1475 649 1502 suas
665 1474 903 1515 generose
917 1462 1244 1515 preficientem
1260 1463 1698 1516 correspondenter
1714 1463 1863 1518 magis

543 1531 775 1572 dilexerit.
827 1531 889 1572 Et
931 1532 1232 1573 confirmatur
1277 1533 1426 1574 tercio
1472 1547 1533 1572 ex
1575 1534 1679 1586 hoc,
1734 1534 1865 1587 quod

544 1601 678 1642 aliter
699 1601 925 1655 magister
946 1602 1050 1653 Joh.
1067 1602 1229 1643 ultimo
1252 1602 1598 1656 inpertinenter
1620 1608 1863 1656 quereret:

545 1670 714 1723 Symon
748 1671 985 1721 Johanm's,
1036 1673 1193 1725 diligis
1226 1685 1298 1713 me
1334 1674 1445 1725 plus
1474 1673 1574 1724 hiis,
1621 1678 1669 1713 et
1710 1672 1866 1713 statim
1882 1687 1924 1709 20

545 1754 606 1781 ex
654 1740 914 1781 maioritate
967 1741 1240 1782 dileccionis
1289 1741 1537 1782 committit
1588 1741 1679 1783 sibi
1731 1755 1866 1783 suam

548 1809 795 1850 ecclesiam
827 1810 886 1850 ad
916 1811 1221 1863 pascendum.

604 1879 702 1921 Sed
734 1881 990 1921 notandum
1024 1883 1091 1934 (ut
1112 1894 1255 1934 supra
1276 1880 1433 1934 tetigi)
1467 1882 1596 1934 quod
1617 1881 1866 1935 multiplex

546 1955 619 1991 est
675 1950 802 1990 racio
862 1950 1061 1990 amandi:
1126 1950 1313 2004 quidam
1372 1950 1494 1991 enim
1550 1952 1658 2005 plus
1712 1957 1867 1991 amant

545 2019 781 2061 Christum
812 2021 1072 2060 secundum
1102 2020 1340 2062 racionem
1373 2020 1645 2075 divinitatis,
1682 2027 1735 2062 ut
1770 2035 1864 2062 cre·
1883 2027 1922 2060 25

544 2090 669 2130 ditur
713 2090 773 2130 de
805 2090 1129 2142 Evangelista,
1175 2091 1365 2144 quidam
1399 2105 1515 2132 vero
1559 2092 1666 2145 plus
1713 2098 1866 2133 amant

543 2173 648 2200 eum
681 2161 938 2200 secundum
960 2160 1197 2201 racionem
1229 2174 1314 2201 sue
1345 2161 1655 2213 humanitatis,
1687 2168 1739 2202 ut
1768 2175 1865 2202 cre-

545 2230 671 2270 ditur
694 2230 753 2270 de
775 2230 1013 2284 Philippo,
1048 2236 1096 2271 et
1129 2230 1317 2283 quidam
1346 2231 1606 2271 secundum
1627 2231 1866 2272 racionem

544 2300 821 2340 dileccionis
854 2300 927 2340 sui
959 2300 1186 2354 corporis,
1220 2300 1350 2354 quod
1373 2307 1445 2341 est
1468 2300 1686 2349 eeclesia3
1722 2306 1770 2341 et
1797 2301 1865 2341 sic

544 2370 602 2410 de
645 2370 837 2411 infinitis
882 2370 980 2411 aliis
1024 2370 1296 2411 racionibus
1347 2376 1396 2412 et
1424 2370 1622 2411 istorum
1659 2370 1924 2411 subdivi-30

545 2439 772 2493 sionibus,
817 2453 906 2493 pro
942 2439 1113 2493 quibus
1159 2441 1218 2480 de
1258 2441 1474 2494 quolibet
1506 2445 1670 2481 sancto
1705 2440 1866 2480 dieunt

543 2508 657 2549 illud
701 2509 1027 2550 Ecclesiastici
1057 2509 1234 2562 XLIV,
1267 2523 1320 2550 20
1363 2509 1613 2550 verificari:
1658 2509 1759 2550 Non
1803 2513 1866 2550 est

613 2701 643 2727 4.
664 2693 692 2719 A
712 2692 743 2719 in
766 2700 879 2727 marg:
908 2692 1001 2720 Petro
1028 2692 1180 2728 quidquid
1202 2692 1369 2720 ascribitur
1393 2700 1488 2728 super
1507 2693 1587 2720 alios
1611 2693 1770 2728 apostolos
1790 2693 1866 2720 dicit

545 2739 755 2767 maioritatem
782 2747 837 2766 sue
865 2739 1050 2767 humilitatis
1078 2743 1109 2767 et
1137 2740 1271 2767 servicii.
1359 2747 1403 2767 10.
1433 2739 1487 2767 AB
1517 2739 1548 2766 in
1578 2747 1692 2775 marg.;
1725 2739 1859 2767 Caritas.

548 2786 591 2814 16.
613 2785 651 2813 B:
674 2785 855 2821 blesphemia
877 2785 971 2813 deest.
1047 2785 1094 2813 23.
1116 2786 1138 2813 B
1159 2786 1188 2813 in
1210 2794 1325 2821 marg.:
1346 2785 1441 2813 Racio
1460 2785 1590 2813 amandi
1605 2785 1772 2821 multiplex.

617 2879 671 2902 20.
696 2868 774 2902 Joh.
799 2869 886 2910 XXI,
917 2875 967 2910 15.
