2078 3338
200 284 289 312 CAP.
318 272 387 329 vr]
598 286 656 317 DE
685 283 963 317 POTEsTATE
992 283 1120 316 ΡΑΡΕ.
1730 286 1804 324 105

198 389 539 441 incarnacione,
592 390 721 442 quod
768 388 980 429 Christus
1031 401 1125 428 non
1177 388 1333 440 potuit
1386 388 1580 458 aliamtffirg
1602 397 1797 460 {221ssssth

198 459 533 500 humanitatem
566 471 817 511 assumere,
850 464 1172 498 verumtamen
1204 458 1361 511 potuit
1392 457 1515 499 facil·
1553 466 1783 530 wffiahtafflrsizitd

198 530 306 570 lime
350 529 389 570 si
426 529 670 579 voluisset,
716 528 890 568 dictum
936 534 1009 568 est
1049 528 1193 568 eciam
1238 528 1367 581 quod
1410 527 1516 581 ipse
1555 543 1640 598 8333
1659 536 1777 606 ggetc'ig‘s

199 605 293 640 tarn
322 599 581 639 secundum
614 611 787 651 corpus
811 610 949 651 quam
981 597 1175 637 animam
1199 602 1274 638 est
1305 596 1516 637 eiusdem
1532 605 1674 667 bmffitrkg
1690 606 1748 669 ιὲῑῶ
1769 641 1807 677 by

168 668 381 722 §speciei
420 681 523 708 cum
556 667 770 721 quolibet
803 666 892 707 alio
925 666 1068 707 fratre
1100 679 1199 707 suc.
1249 665 1310 706 Et
1343 666 1516 707 dictum
1544 674 1788 738 thfflssiffiosstgtie

201 744 276 779 est
306 737 455 779 tercio
496 738 622 791 quod
662 750 724 777 ex
761 737 809 777 vi
847 736 1031 777 unionis
1061 736 1312 790 ipostatice
1344 736 1514 790 gracia,
1566 745 1759 806 gmwefand

199 813 414 861 potestas
448 813 497 849 et
526 807 832 862 pulchritudo
856 807 933 846 vel
955 806 1235 859 speciositas
1257 806 1304 846 in
1327 806 1514 847 Christo
1576 784 1776 862 εῗῑῗιιῗὲξῗῖἒιῖθ

200 883 272 918 est
316 877 506 918 alterius
550 876 731 930 speciei
763 889 899 929 quam
945 875 1097 928 aliqua
1128 876 1327 929 qualitas
1366 876 1515 916 consi·
1611 857 1681 877 man
1698 858 1720 876 δ’

197 947 317 988 milis
348 945 550 987 nominis
581 946 628 987 in
662 945 750 986 alio
771 944 960 986 homine
982 950 1147 998 potest
1174 958 1294 987 esse.
1325 945 1387 986 Et
1406 945 1516 986 ideo

146 1016 460 1062 10incarnacio
508 1015 680 1057 Christi
728 1014 931 1069 perfecit
973 1019 1120 1054 totam
1164 1015 1516 1056 universitatem

199 1092 400 1127 creatam
449 1092 543 1127 tam
587 1086 849 1126 secundum
892 1085 1133 1127 individua
1165 1099 1302 1139 quam
1334 1085 1516 1125 univer-

198 1155 321 1206 salia,
361 1169 464 1195 cum
502 1155 646 1195 multa
677 1154 784 1196 talia
823 1155 956 1196 aliter
992 1169 1087 1196 non
1118 1155 1332 1196 fuissent.
1384 1154 1516 1196 Sicut

196 1225 339 1280 igitur
380 1224 671 1265 individuum
716 1224 853 1265 unius
898 1225 1076 1279 speciei
1126 1224 1238 1265 licet
1287 1224 1517 1265 infinitum

199 1295 417 1348 creverit,
462 1308 558 1335 non
600 1300 762 1348 potest
792 1295 839 1335 in
871 1300 973 1337 toto
1009 1294 1241 1349 parificari
1270 1294 1515 1335 individuo

145 1365 389 1411 15alterius
433 1364 627 1418 speciei,
678 1364 747 1405 sic
797 1370 871 1406 est
915 1366 973 1406 de
1017 1365 1175 1419 gracia
1219 1364 1403 1414 Christi,
1456 1365 1516 1405 de

197 1441 455 1490 potestate,
480 1434 788 1488 speciositate
811 1448 895 1476 sue
915 1435 1226 1476 humanitatis.
1255 1433 1516 1487 Qualitates

199 1512 352 1547 autem
383 1505 541 1557 multe,
581 1504 704 1545 sicut
733 1510 868 1559 patet
899 1506 958 1546 de
997 1504 1233 1558 corporali
1264 1505 1516 1558 pulchritu-

199 1575 320 1623 dine,
354 1574 697 1630 principiantur
740 1588 765 1615 a
795 1575 1045 1629 relacione,
1089 1575 1195 1615 ideo
1231 1574 1357 1615 idem
1390 1581 1518 1616 esset

199 1660 400 1699 querere
432 1647 546 1689 istas
569 1646 818 1702 qualitates
850 1647 896 1687 in
921 1647 1009 1687 alio
1032 1648 1221 1688 homine
1246 1652 1294 1687 et
1316 1659 1516 1699 querere

140 1735 183 1759 20
199 1716 335 1756 alium
366 1716 602 1758 hominem
625 1718 705 1772 qui
737 1716 873 1758 simul
905 1717 966 1758 sit
986 1717 1120 1758 Deus
1145 1723 1191 1757 et
1212 1718 1364 1758 homo.
1398 1716 1515 1757 Ideo

199 1792 366 1834 errant,
401 1787 481 1840 qui
503 1789 628 1828 nude
651 1792 852 1841 arguunt
872 1787 1216 1840 idemptitatem
1248 1786 1517 1840 specificam

198 1856 472 1909 qualitatum
505 1870 567 1898 ex
598 1857 896 1911 idemptitate
929 1856 1154 1910 specifica
1183 1855 1516 1897 subiectorum.

199 1924 406 1979 Oportet
480 1927 601 1967 enim
674 1927 907 1981 principia
979 1940 1134 1967 rerum
1199 1926 1397 1968 tendere
1460 1926 1517 1967 ad

196 1996 420 2037 maiorem
465 1996 693 2038 unitatem
737 2010 875 2050 quam
920 1996 981 2037 sit
1024 1996 1071 2037 in
1116 1996 1212 2036 suis
1252 1995 1516 2045 effectibus,

83 2076 160 2118 187·
199 2080 302 2107 cum
347 2080 525 2107 summa
566 2067 720 2108 unitas
764 2066 824 2107 sit
865 2066 913 2107 in
955 2066 1107 2120 primo
1149 2066 1153 2121 1
1187 2065 1422 2119 principio
1467 2071 1517 2106 et

198 2150 376 2177 summa
408 2135 658 2177 diversitas
690 2136 738 2176 in
771 2149 854 2176 sua
876 2135 1185 2176 universitate
1209 2140 1382 2178 creata.
1413 2134 1515 2176 Nec

198 2212 270 2247 est
301 2206 442 2247 michi
474 2220 626 2247 sermo
672 2207 731 2246 de
764 2205 987 2260 qualitate
1021 2218 1113 2259 que
1150 2211 1315 2259 potest
1345 2218 1433 2259 per
1464 2217 1516 2244 se
1583 2207 1610 2233 A
1631 2206 1747 2241 qua¹ity

1566 2244 1679 2268 cannot
1699 2241 1777 2267 exist

199 2289 318 2326 esse,
341 2276 450 2330 quia
473 2282 651 2317 certum
675 2281 749 2317 est
763 2276 893 2329 quod
916 2280 990 2316 est
1013 2276 1124 2315 dare
1147 2288 1285 2315 unam
1305 2280 1516 2315 naturam
1547 2318 1564 2337 a
1584 2274 1780 2344 sungtggugnd

198 2346 449 2399 qualitatis,
483 2360 575 2399 que
598 2360 692 2387 non
714 2351 878 2399 potest
900 2358 1008 2386 esse
1039 2344 1129 2385 nisi
1159 2345 1380 2385 informet
1411 2345 1515 2384 sub-
1560 2344 1784 2414 fg¹s¹¹23252vffly

142 2425 184 2457 30
198 2415 436 2469 stanciam,
477 2428 582 2456 cum
613 2429 709 2456 non
740 2415 800 2456 sit
831 2415 921 2455 nisi
953 2413 1271 2455 substanciam
1303 2413 1800 2483 &CCiden·H{¹,‘S't⁵i‘,³„-ffie“ffie

196 2485 354 2526 taliter
398 2498 504 2526 esse
537 2486 736 2539 qualern.
785 2486 847 2526 Et
879 2485 960 2539 qui
991 2483 1260 2538 sompniant
1291 2483 1423 2524 aliam
1456 2496 1518 2523 ex
1602 2481 1739 2511 Church·

196 2555 404 2596 vanitate
437 2554 709 2596 subtilitatis
742 2555 866 2596 circa
887 2559 1228 2595 sacramentum
1252 2553 1518 2605 eukaristie,

197 2625 317 2666 ultra
346 2625 439 2666 hoc
471 2625 601 2679 quod
632 2624 788 2666 sciunt
818 2624 1014 2665 fundare
1046 2624 1093 2665 in
1116 2623 1346 2678 scriptura
1370 2636 1514 2673 sacra,

197 2694 243 2734 in
276 2694 479 2748 antiquis
524 2694 699 2736 sanctis
746 2694 1024 2736 doctoribus
1068 2694 1147 2734 vel
1183 2693 1386 2734 racionis
1419 2692 1516 2733 effi-

144 2770 183 2803 53
200 2764 338 2816 cacia,
389 2764 638 2805 debilitant
688 2766 863 2805 scolam
915 2763 1097 2805 Christi.
1158 2763 1357 2803 Paratus
1415 2775 1517 2802 sum

198 2839 354 2874 tamen
387 2834 454 2874 eis
499 2847 705 2874 annuere
752 2834 791 2874 si
833 2834 948 2874 illud
990 2832 1300 2887 probaverint
1343 2838 1391 2872 et
1421 2845 1517 2872 non

201 2910 318 2945 ante.
356 2904 416 2944 Et
447 2904 591 2944 credo
633 2904 761 2956 quod
800 2905 928 2944 scola
960 2902 1115 2955 possit
1147 2901 1336 2942 aliunde
1370 2914 1515 2941 occu-
