2078 3338
284 268 364 317 238

290 1442 317 1461 2.
337 1430 544 1461 Eudowment

320 1469 374 1495 has
395 1469 505 1503 spread

288 1503 410 1530 discord
432 1503 462 1530 in
484 1503 533 1530 the

346 1538 480 1565 Church.

329 1782 355 1810 3.
378 1783 405 1809 It
424 1782 449 1809 is
471 1791 486 1810 a

275 1822 418 1845 constant
439 1826 548 1847 source

303 1853 337 1880 of
354 1861 440 1881 error
459 1853 519 1882 and

316 1888 501 1916 contention.

1006 278 1233 312 JOHANle
1261 279 1447 312 WYCLiF
1717 267 1822 325 [CAP.
1843 280 1878 308 x.

569 382 647 423 vel
678 381 791 423 alios
826 382 885 423 de
918 389 1091 437 quanto
1125 396 1375 437 sequamur
1400 384 1568 438 ipsum,
1599 385 1704 439 ipse
1728 391 1881 428 autem

569 464 774 493 summus
832 453 1042 494 medicus
1098 467 1194 494 non
1252 454 1527 495 autorizavit
1583 455 1878 498 dotacionem

568 522 846 573 huiusmodi,
891 523 978 563 sed
1016 526 1163 565 verbo
1211 529 1257 563 et
1289 536 1436 576 opere
1465 522 1468 578 Ι
1496 525 1790 578 reprobavit;
1835 531 1882 566 et
1921 534 2001 562 220e

570 591 637 632 sic
669 592 856 633 videtur
894 591 1033 633 michi
1072 594 1199 646 quod
1239 605 1401 632 omnes
1446 595 1767 647 approbantes
1801 595 1880 635 do-

567 662 800 703 tacionem
831 662 955 703 illam
986 667 1301 716 peccaverant
1333 661 1379 702 in
1409 662 1500 703 hoc
1528 663 1783 705 mortaliter
1804 665 1914 705 vel5

569 730 814 771 venialiter
845 732 951 785 plus
985 733 1062 772 vel
1093 732 1264 783 minus;
1304 747 1393 774 nec
1424 733 1628 774 feramus
1658 734 1749 774 hoc
1781 748 1880 789 gra-

568 800 687 840 viter
719 801 777 841 de
809 802 974 852 beatiS,
1009 801 1116 855 quia
1145 803 1314 844 beatus
1337 803 1654 856 Evangelista,
1688 804 1767 857 qui
1798 804 1880 844 de-

568 875 768 912 testatus
803 876 876 911 est
907 871 1304 925 approbacionem
1335 872 1602 913 huiusmodi
1633 872 1720 914 fuit
1752 886 1880 914 sanc-

570 940 667 980 cior
704 940 919 981 omnibus
941 941 1043 991 illis,
1076 947 1122 982 et
1143 947 1298 982 tamen
1320 943 1424 996 ipse
1450 942 1578 985 dicit:
1607 942 1658 984 Si
1685 943 1882 983 dicimus

566 1011 674 1063 quia
699 1014 936 1063 peccatum
969 1024 1057 1052 non
1088 1013 1318 1063 habemus,
1356 1025 1437 1053 7208
1468 1013 1592 1065 ipsos
1622 1013 1881 1053 seducimus
1901 1028 1938 1048 10

566 1083 606 1121 et
636 1081 804 1121 veritas
839 1082 887 1121 in
925 1082 1052 1122 uobis
1090 1094 1177 1122 non
1216 1086 1278 1122 est
1309 1082 1345 1122 I.
1378 1082 1477 1123 Joh.
1511 1082 1549 1131 I,
1581 1082 1622 1123 8.
1673 1082 1775 1122 Nec
1809 1088 1881 1123 est

567 1149 696 1189 color
728 1149 767 1189 si
788 1150 931 1191 multa
955 1151 1154 1191 ecclesie
1179 1151 1309 1192 utilia
1337 1165 1398 1192 ex
1418 1153 1510 1192 hoc
1532 1156 1878 1205 processerant,

565 1218 674 1259 ideo
706 1232 802 1260 non
831 1218 920 1261 fuit
949 1220 997 1260 in
1027 1219 1104 1260 illa
1134 1226 1403 1274 peccatum;
1443 1234 1547 1261 nam
1584 1221 1726 1260 multa
1762 1221 1881 1260 mala

567 1301 627 1328 ex
670 1288 748 1329 illa
789 1296 1138 1342 processerant,
1184 1304 1287 1331 cum
1333 1304 1392 1331 ex
1435 1291 1525 1331 hoc
1570 1289 1755 1330 deiecta
1807 1294 1880 1329 est

568 1358 768 1399 ecclesia
800 1359 913 1399 cleri
945 1372 970 1399 a
1001 1365 1124 1400 statu
1146 1360 1431 1413 perfecciori
1455 1361 1510 1400 ad
1537 1365 1707 1400 statum
1729 1358 1878 1400 minus
1899 1365 1935 1398 15

565 1427 829 1481 perfectum
850 1428 949 1469 sine
967 1429 1289 1483 equivalencia
1308 1443 1632 1483 recompense.
1657 1428 1878 1470 Secundo

566 1497 813 1538 seminavit
836 1498 1113 1539 discordiam
1134 1499 1181 1540 in
1205 1499 1417 1550 ecclesia,
1450 1505 1502 1540 ut
1525 1498 1737 1539 homines
1771 1500 1879 1552 plus

565 1572 794 1621 appetant
815 1568 1158 1622 preposituram
1179 1575 1379 1622 propter
1399 1569 1569 1610 fastum
1590 1574 1638 1610 et
1661 1574 1878 1622 questum

565 1650 701 1690 quam
733 1642 933 1691 propter
968 1638 1196 1689 meritum,
1240 1644 1291 1679 ut
1334 1644 1470 1692 patet
1513 1638 1729 1691 superius
1760 1638 1879 1678 VIII

566 1706 781 1760 capitulo.
825 1706 883 1747 Et
915 1707 1063 1748 tercio
1096 1707 1208 1748 facit
1240 1721 1426 1748 errores
1464 1707 1511 1747 in
1545 1707 1878 1758 eleccionibus,
1895 1723 1937 1746 20

562 1776 610 1817 in
630 1776 821 1830 legibus
846 1782 892 1818 et
914 1777 1102 1818 omnino
1125 1778 1172 1818 in
1195 1778 1338 1819 officii
1362 1777 1474 1818 cleri
1497 1777 1879 1818 execucionibus.

563 1845 718 1887 Aliter
752 1846 871 1887 enim
903 1860 1000 1888 non
1033 1853 1106 1888 est
1138 1847 1273 1888 facile
1305 1848 1501 1900 fingere,
1535 1861 1678 1901 quare
1700 1847 1879 1901 indigni

563 1921 656 1957 tarn
688 1916 916 1967 frontose,
948 1923 1041 1957 tam
1071 1917 1339 1970 impetuose
1373 1923 1419 1958 et
1450 1923 1542 1958 tam
1566 1917 1727 1958 ociose
1759 1917 1879 1958 ultra

565 1999 701 2039 quarn
747 1992 852 2026 ante
897 1986 1190 2027 dotacionem
1236 1987 1442 2041 aspirant
1495 1987 1552 2027 ad
1601 1986 1877 2040 pinguiores

565 2055 910 2098 ecclesiasticas
954 2056 1195 2110 prelacias.
1262 2056 1401 2097 Unde
1446 2057 1617 2097 vellem
1663 2070 1746 2097 eos
1799 2056 1933 2110 qui25

564 2125 832 2179 sompniant
864 2126 994 2179 quod
1028 2126 1252 2180 quicquid
1282 2127 1389 2167 mali
1432 2139 1583 2182 regno
1625 2126 1878 2179 contigerit

564 2199 636 2234 est
672 2200 872 2248 propter
907 2196 1182 2249 parcitatem
1215 2197 1293 2236 vel
1331 2195 1708 2236 subtraccionem
1748 2196 1876 2236 dota-

563 2262 711 2304 cionis
765 2269 842 2304 aut
892 2264 1292 2320 privilegiacionis
1345 2278 1534 2305 cesaree
1596 2264 1778 2304 discere
1831 2269 1878 2305 et

564 2333 737 2373 docere
770 2334 895 2375 clare
928 2348 1039 2376 suas
1072 2336 1298 2385 causales,
1339 2340 1388 2375 et
1425 2347 1569 2388 quare
1602 2339 1716 2387 post
1748 2335 1875 2374 dota-

564 2402 747 2443 cionem
800 2403 921 2444 circa
970 2410 1172 2458 papatus
1216 2405 1333 2446 tales
1376 2404 1524 2457 magis
1577 2404 1933 2445 contenditur-⁹20

563 2486 701 2525 quam
745 2478 961 2526 perante3
1009 2474 1137 2515 cuius
1184 2487 1322 2515 causa
1367 2474 1670 2528 experiencia
1713 2474 1876 2515 doceri

561 2542 750 2595 poterit,
784 2542 823 2583 si
855 2545 1094 2585 subtracta
1126 2544 1375 2585 dotacione
1401 2550 1609 2586 cessaret
1642 2543 1872 2596 aspiracio

562 2612 618 2651 ad
649 2611 915 2653 huiusmodi
947 2613 1215 2667 dignitates.
1268 2613 1417 2655 Causa
1456 2614 1577 2654 enim
1615 2613 1873 2654 secundum

559 2680 873 2735 philosophos
901 2681 906 2738 Ι
936 2688 1007 2724 est
1051 2697 1143 2736 qua
1184 2683 1343 2737 posita
1373 2684 1451 2723 vel
1495 2685 1737 2725 subtracta
1774 2695 1872 2722 cor·
1912 2684 1994 2717 220d

631 2871 668 2891 11.
698 2862 797 2891 Codd.
824 2863 853 2890 in
881 2871 994 2899 marg:
1023 2864 1154 2892 Dotacio
1179 2864 1331 2900 quomodo
1353 2864 1484 2900 prodest
1507 2866 1610 2891 nocet.
1684 2871 1730 2892 21.
1751 2863 1869 2892 Codd.:

558 2909 845 2945 exequencz'onibus.
920 2918 968 2946 27,
991 2910 1039 2938 28.
1062 2910 1099 2937 B:
1122 2911 1312 2938 dotaciones.
