2078 3338
192 249 278 277 CAP.
305 238 373 295 m]
593 250 651 281 DE
679 249 959 281 POTEsTATE
986 249 1103 280 PAPE
1740 249 1792 288 59

191 355 436 396 dacionem
478 354 526 394 in
570 367 748 394 summo
788 354 936 405 gradu
967 352 1238 393 humilitatis
1276 352 1504 405 possibili.

187 427 248 466 Et
277 426 367 465 hec
397 423 521 464 racio
556 437 700 477 quare
740 422 952 463 Christus
974 422 1126 462 noluit
1149 422 1344 462 fundare
1377 435 1505 462 suam

189 494 437 535 ecclesiam
467 494 514 534 in
546 493 706 533 mundi
739 492 920 533 diviciis
952 498 1187 545 tamquam
1215 492 1504 532 stercoribus

186 565 264 604 vel
297 563 429 616 aquis
460 562 680 603 labilibus
717 576 806 602 nec
837 562 884 602 in
915 562 1075 602 mundi
1103 561 1253 616 gloria
1281 562 1358 602 vel
1381 561 1505 602 fastu

71 638 148 682 ι75““
188 633 336 674 seculi
357 639 592 686 tamquam
614 632 784 682 ventis,
813 632 898 672 sed
926 631 930 686 Ι
958 631 1004 671 in
1037 631 1194 671 stabili
1208 637 1505 684 paupertate,

188 717 279 756 que
323 703 548 755 securius,
592 702 786 742 brevius
832 708 880 742 et
912 701 1052 742 statui
1083 701 1361 742 innocencie
1398 715 1505 741 con-

186 773 381 813 formius
412 773 525 813 facit
554 772 751 812 humiles
783 785 982 825 regnum
1015 772 1219 812 celorum
1253 765 1507 824 acquirere.

185 842 339 891 Unde,
383 848 435 883 ut
469 843 675 882 declarat
704 842 1047 882 Lincolniensis
1090 841 1137 881 in
1176 842 1379 894 quodam
1411 854 1506 881 ser·
1548 862 1800 900 crosis-umes·

186 925 326 952 mone
360 914 419 952 de
449 912 720 963 humilitate,
754 912 883 965 quod
904 925 1018 951 vere
1039 911 1260 951 humilem
1281 911 1371 950 iste
1394 916 1503 951 octo
1527 900 1544 926 ὅ
1564 898 1740 969 Cffifflffiffsss
1766 901 1793 924 ⁰¹

134 1006 172 1026 10
189 982 490 1022 condiciones
540 981 919 1035 inseparabiliter
963 987 1339 1034 consequuntur:
1391 981 1503 1021 Dis-

187 1053 338 1101 cutiat,
368 1051 532 1104 inquit,
566 1052 872 1104 unusquisque
902 1064 949 1091 se
980 1052 1133 1103 ipsuin
1160 1052 1413 1104 diligenter,
1446 1064 1506 1091 an

187 1134 288 1161 vere
309 1122 581 1162 humilitatis
606 1122 742 1174 signa
764 1122 916 1174 ipsum
937 1125 1198 1174 sequnntur.
1240 1122 1347 1161 Vere
1370 1134 1505 1161 nani-

186 1204 267 1245 que
297 1192 485 1231 lzurnilis
514 1191 601 1231 liiis
631 1192 776 1243 signis
807 1192 1079 1232 dinoscitur:
1130 1190 1182 1231 Si
1213 1195 1448 1244 correptus
1479 1205 1509 1232 a

188 1261 359 1301 minori
380 1273 468 1301 non
492 1261 780 1313 dedignatur,
812 1262 853 1301 si
874 1274 962 1301 non
985 1262 1224 1301 insolescat
1249 1262 1507 1313 honoribus,

134 1331 228 1375 153i
258 1343 346 1371 non
379 1332 570 1371 elevetur
600 1333 666 1371 vel
698 1332 935 1371 delectetur
966 1333 1013 1371 in
1056 1332 1155 1371 suis
1197 1332 1424 1382 laudibus,
1467 1333 1509 1371 si

186 1413 273 1440 non
305 1402 469 1441 reddat
501 1402 680 1441 malurn
705 1414 796 1453 pro
819 1403 958 1454 malo,
992 1414 1070 1441 nec
1096 1401 1391 1441 nialedz'ctmn
1416 1414 1506 1453 pro

186 1471 424 1510 maledicto
456 1471 536 1510 sed
557 1483 578 1510 e
600 1472 831 1510 contrario
855 1471 1081 1511 benedicit.
1114 1469 1166 1511 Si
1190 1471 1308 1511 inter
1330 1472 1510 1523 equales

180 1541 369 1592 primus
400 1543 462 1580 est
493 1541 539 1580 in
573 1553 652 1592 ope
685 1544 723 1580 et
755 1541 946 1581 ultimus
973 1541 1021 1580 in
1043 1541 1215 1590 ordine,
1242 1541 1430 1592 primus
1462 1542 1508 1581 in

187 1611 339 1650 labore
372 1616 409 1650 et
441 1611 632 1650 ultimus
653 1611 701 1650 in
723 1611 888 1663 requie,
916 1611 1105 1662 primus
1129 1611 1174 1650 in
1197 1611 1508 1651 ministrando

129 1699 171 1721 20
188 1684 226 1721 et
258 1681 446 1720 ultimus
476 1681 524 1720 in
555 1681 869 1720 recumbendo.
923 1678 974 1720 Si
1001 1680 1192 1732 gracias
1230 1681 1327 1732 agit
1359 1681 1510 1721 divine

191 1751 504 1803 benevolencie,
536 1751 578 1790 si
608 1753 705 1790 tani
737 1751 922 1790 libenter
956 1750 1100 1790 obedit
1133 1762 1271 1802 quam
1297 1751 1507 1803 precipit,

185 1821 226 1860 si
257 1821 305 1859 in
331 1823 549 1872 potestate
582 1820 846 1860 constitutus
870 1820 1009 1872 prius
1031 1832 1077 1859 se
1099 1820 1240 1859 noscit
1260 1820 1508 1860 subiectum

187 1902 325 1941 quani
356 1890 660 1942 prepositum,
719 1890 835 1931 sicut
866 1889 981 1941 fecit
1037 1889 1251 1941 centurio,
1312 1891 1365 1929 de
1422 1902 1506 1942 quo

183 1959 300 1999 Luce
330 1959 425 2000 VII.
458 1959 519 1999 Et
548 1958 669 1999 inter
694 1972 857 1999 omnes
890 1959 1043 1998 scolas
1075 1958 1371 2011 pertinentes
1403 1972 1507 2011 pre-

128 2045 167 2076 25
184 2029 345 2082 posito
381 2035 428 2069 et
455 2029 587 2069 Petri
619 2029 794 2069 vicario
828 2042 920 2069 non
953 2034 1025 2068 est
1058 2028 1143 2068 alia
1174 2028 1507 2081 pertinencior‚
1598 2048 1710 2075 μαῖαι-’5

185 2099 308 2139 sicut
351 2099 471 2139 enim
502 2099 673 2138 Petrus
718 2104 853 2139 acute
899 2104 1147 2151 correptus
1194 2111 1218 2137 a
1248 2098 1411 2144 Paulo,
1456 2104 1508 2138 ut
1580 2084 1735 2145 ζ’,ξζᾟῚᾸιζ-ζζ

185 2174 320 2222 patet
354 2168 451 2210 Gal.
492 2168 552 2219 Π,
589 2168 825 2209 humiliter
858 2168 1090 2217 toleravit,
1138 2169 1327 2220 quando
1363 2168 1507 2207 eciam
1532 2154 1792 2223 ἒζᾎῗὶᾞᾞέζῇοζᾟ

185 2239 376 2279 missum
401 2243 474 2278 est
495 2252 583 2291 pro
607 2238 686 2278 illo
711 2239 768 2278 ad
793 2238 1159 2277 confirmandum
1183 2237 1508 2277 centurionem

184 2308 292 2348 Act.
325 2307 387 2359 X,
426 2321 521 2347 non
553 2308 693 2360 petiit
725 2307 1129 2360 constipacionem
1164 2306 1384 2347 comitive
1418 2307 1507 2347 ele-

129 2393 170 2424 '30
188 2377 342 2431 gantis
367 2377 656 2431 equestrium
674 2379 760 2417 sed
780 2377 1016 2417 humiliter
1037 2378 1217 2418 resedit
1238 2378 1285 2418 in
1301 2377 1509 2430 Yoppen

186 2449 414 2501 pedester
458 2453 506 2487 et
536 2447 792 2500 requisitus
831 2447 879 2487 in
913 2448 1053 2487 domo
1088 2446 1292 2488 Simonis
1327 2447 1509 2487 coriarii
1550 2456 1711 2518 &pul-¹¹5⁵

185 2517 320 2557 iuxta
363 2530 488 2556 mare
520 2516 652 2556 venit
683 2516 773 2556 sibi
802 2516 1019 2556 humilius
1056 2523 1103 2557 et
1133 2516 1369 2568 instruxit,
1413 2530 1509 2556 non
1571 2496 1768 2554 Col-‘nffiiisfo

188 2592 449 2640 expectans
483 2588 538 2626 ab
574 2599 630 2626 eo
664 2586 1032 2627 retribucionem
1069 2587 1399 2640 temporalium
1430 2587 1509 2626 vel

258 2747 285 2775 8.
312 2747 406 2775 Cod.:
435 2746 560 2774 Lincon.
655 2746 696 2774 13.
718 2747 747 2774 A
772 2747 803 2774 iu
831 2755 944 2782 marg:
972 2747 1106 2774 Humilis
1132 2755 1204 2775 vere
1228 2747 1318 2774 habet
1345 2750 1414 2774 octo
1437 2755 1507 2774 con-

188 2795 344 2826 diciones,-
364 2794 414 2822 B.:
439 2795 515 2822 Octo
535 2793 631 2829 signa
652 2802 727 2822 vere
746 2793 936 2821 humilitatis.

266 2888 314 2909 10.
343 2877 395 2909 Cf.
421 2878 627 2920 Trialogum
652 2888 684 2920 p.
718 2877 790 2921 166,
818 2880 929 2910 Serm.
956 2879 993 2918 II,
1027 2888 1096 2920 ¹49·
