2078 3338
225 258 314 287 CAP.
329 247 401 305 vi]
619 259 679 291 DE
705 258 987 291 POTESTATE
1014 260 1149 292 PAPE.

227 378 474 416 accensus;
518 378 628 418 ymo
672 363 862 404 videtur
892 363 1280 417 predestinatum,
1321 364 1430 404 dum
1463 364 1543 404 eri-

224 435 348 475 mine
379 434 520 475 fuerit
542 433 729 475 Christo
765 433 1041 486 contrarius,
1077 434 1168 474 dici
1188 447 1335 487 posse
1356 433 1546 473 realiter

222 504 577 557 Antichristum,
611 504 753 544 modo
778 517 871 557 quo
902 503 980 544 ille
1004 504 1084 557 qui
1105 505 1218 544 dixit
1239 507 1277 544 et
1286 503 1422 555 facta
1443 506 1547 544 suut

223 575 335 616 Mat.
357 574 481 615 XVI
502 580 703 628 propter
724 573 1111 614 adversacionem
1132 573 1340 614 nominat
1352 573 1545 614 Petrum

192 645 481 686 §sathanam
549 644 637 684 Est
695 643 842 696 igitur
905 643 1158 684 christiano
1227 643 1546 684 necessarium

225 727 520 768 cognoscere
551 713 906 754 Antichristum.
1442 766 1444 771 ι

282 783 504 826 Secundo
533 784 808 835 notandum,
842 783 972 836 quod
995 783 1053 823 de
1078 784 1205 823 clero
1238 795 1440 823 necesse
1475 788 1548 823 est

223 853 566 895 Antichristum
606 854 797 894 trahere
830 866 960 893 suam
993 852 1242 906 originen13
1289 866 1393 893 cum
1426 853 1548 893 enim

223 938 318 965 non
363 936 527 964 omnes
572 923 847 964 sacerdotes
882 922 1145 963 confirmati
1183 928 1305 975 sunt,
1344 936 1547 963 necesse

170 1001 299 1038 mest
350 995 481 1048 quod
532 993 674 1048 aliqui
735 999 938 1047 propter
999 998 1148 1034 status
1209 993 1547 1034 excellenciam

225 1066 397 1106 cadant
427 1063 720 1118 profundius.
767 1062 846 1104 Sic
878 1076 1077 1117 magnus
1108 1063 1428 1103 Antichristus
1460 1062 1549 1103 fuit

222 1134 413 1175 Lucifer
445 1148 549 1175 cum
582 1134 677 1175 suis
712 1133 1035 1187 complicibus7
1079 1133 1146 1174 sic
1177 1147 1375 1189 magnus
1406 1133 1547 1174 Anti-

225 1205 427 1246 christus
449 1205 538 1245 fuit
552 1203 775 1246 Scarioth
799 1218 903 1244 cum
926 1204 1079 1244 avaris
1103 1203 1198 1244 suis
1222 1203 1546 1257 sequentibus,

224 1281 273 1316 et
314 1275 379 1316 ita
422 1275 482 1315 de
533 1274 850 1330 generacione
901 1287 1116 1328 nequam,
1169 1287 1260 1327 que
1311 1273 1550 1327 processit

171 1355 207 1388 15
226 1344 359 1399 Cayn
388 1358 543 1398 usque
589 1346 647 1385 ad
677 1344 988 1385 novissimum
1019 1344 1386 1397 reprobandum,
1423 1344 1548 1383 unde

223 1416 392 1456 beatus
414 1414 725 1469 Evangelista
746 1414 793 1454 ΙΙ
827 1414 1034 1468 epistola
1068 1413 1289 1455 canonica
1313 1413 1547 1467 concedit,

225 1486 355 1539 quod
385 1484 518 1526 multi
549 1485 830 1525 seductores
864 1484 1086 1526 exierunt
1116 1484 1164 1525 in
1196 1484 1431 1537 mundum,
1470 1483 1550 1538 qui

223 1569 318 1596 non
378 1555 663 1595 confitentur
712 1555 906 1606 Jhesum
959 1554 1195 1596 Christum
1253 1554 1445 1595 venisse
1501 1554 1549 1594 in

225 1638 383 1674 carne;
434 1624 511 1665 hic
564 1630 637 1665 est
688 1625 914 1665 seductor
968 1631 1015 1666 et
1058 1624 1372 1677 antichristus,
1422 1624 1548 1664 unde

166 1715 209 1738 20
223 1695 373 1749 prima
412 1695 614 1748 epistola
646 1694 729 1747 IV,
770 1708 869 1748 cap.
909 1709 949 1736 1:
992 1695 1131 1736 Multi
1160 1695 1549 1748 pseudoprophete

224 1767 426 1807 exierunt
439 1766 487 1805 iu
501 1766 752 1814 muudum;
766 1771 814 1806 et
829 1764 1044 1818 sequitur
1061 1778 1223 1805 eorum
1242 1764 1428 1817 descrip
1436 1763 1508 1804 cio
1520 1762 1545 1819 :1

107 1849 184 1890 190c
230 1834 392 1877 Omuis
422 1835 615 1888 spiritus
645 1836 720 1889 qui
750 1836 933 1877 solverit
953 1835 1142 1876 Jhesum
1165 1848 1215 1876 ex
1245 1835 1339 1875 Deo
1362 1847 1451 1875 uou
1474 1838 1548 1886 est,

224 1909 263 1946 et
304 1906 374 1946 hic
420 1908 482 1946 est
512 1904 820 1946 Antichristus
863 1907 918 1946 de
962 1917 1046 1958 quo
1092 1905 1290 1945 audistis
1332 1904 1548 1957 quoniam

224 1976 355 2028 veuit,
381 1980 429 2015 et
451 1975 660 2016 declarat
691 1976 822 2028 quod
843 1975 922 2016 ille
944 1974 1269 2016 Antichristus
1292 1974 1353 2015 sit
1373 1975 1548 2015 mundo

168 2055 208 2088 25
227 2044 416 2086 deditus
463 2051 511 2086 et
553 2046 612 2086 de
646 2046 773 2085 clero
807 2045 995 2099 prodiit.
1029 2044 1115 2086 Cui
1148 2044 1454 2085 conformiter
1483 2045 1549 2085 lo-

227 2114 386 2169 quitur
419 2114 634 2156 Christus
666 2116 832 2156 Matth.
864 2115 1057 2168 XXIV,
1097 2128 1141 2166 5:
1185 2115 1337 2168 Multi,
1381 2114 1548 2168 inquit,

224 2185 400 2226 veuieut
440 2185 490 2226 iu
531 2186 716 2227 uomiue
770 2198 883 2239 meo,
929 2186 1124 2226 diceutes
1172 2185 1282 2237 quia
1325 2192 1402 2237 ego
1445 2197 1549 2226 sum

228 2253 447 2306 Christus,
500 2258 539 2295 et
589 2256 755 2296 multos
806 2256 1028 2304 seducent,
1087 2259 1135 2294 et
1183 2253 1291 2294 illos
1341 2253 1551 2294 nominat

224 2323 466 2378 posterius
496 2324 875 2367 Pseudochristos.
902 2324 978 2364 Ex
1007 2322 1179 2377 quibus
1201 2322 1391 2363 videtur
1422 2323 1551 2376 quod

168 2406 211 2438 30
226 2399 427 2448 surgent
458 2394 517 2434 de
551 2395 689 2436 clero.

1757 262 1832 300 119

1612 778 1786 806 Antichrist

1572 818 1655 840 must
1675 815 1828 849 originate

1621 849 1701 876 from
1723 849 1772 875 the

1643 884 1755 919 clergy.

282 2464 345 2505 Et
388 2464 646 2504 concordat
689 2464 816 2504 racio
861 2477 966 2504 cum
1011 2462 1311 2504 antichristus
1347 2467 1548 2516 peccato
1569 2470 1638 2498 The
1658 2471 1770 2505 special
1792 2470 1838 2497 sin

226 2533 507 2588 gravissimo
555 2539 603 2574 et
645 2534 795 2587 magis
840 2533 1046 2574 subdolo
1092 2533 1181 2573 erit
1213 2531 1400 2573 Christo
1441 2545 1548 2573 con-

225 2603 408 2646 trarius.
452 2603 550 2646 Sed
591 2603 706 2644 illud
749 2608 999 2657 peccatum
1043 2607 1235 2657 oportet
1273 2615 1380 2643 esse
1411 2601 1549 2643 tradi-

299 2783 324 2804 1.
349 2775 380 2803 A
403 2775 436 2802 in
456 2782 573 2810 marg.:
600 2774 683 2803 Nota
709 2774 898 2802 contradicit
920 2774 982 2802 sibi
1005 2774 1044 2802 de
1068 2774 1209 2802 ecclesia.
1283 2781 1313 2809 7.
1332 2775 1361 2801 A
1383 2774 1414 2801 in
1435 2781 1551 2809 marg.:

229 2819 434 2860 Antichristus
453 2828 492 2848 ex
511 2821 605 2848 clero.

298 2903 330 2936 7.
357 2893 411 2927 Cf.
435 2892 575 2936 Wyclif,
602 2893 652 2925 De
678 2892 894 2925 Antichristo
912 2907 956 2920 =
976 2893 1043 2936 Op.
1072 2893 1133 2925 Ev.
1162 2892 1215 2934 ΙΙΙ,
1243 2891 1275 2926 6.

1586 2505 1622 2533 of
1636 2505 1810 2533 Antichrist

1589 2541 1616 2568 is
1637 2540 1815 2576 hypocrisy.
