2078 3338
253 267 304 303 54
995 262 1219 295 JOHANNis
1245 262 1429 293 vvvcmi:
1674 249 1785 305 [CAP.
1811 260 1861 287 111.

547 366 706 416 XVII,
741 380 805 419 23,
840 370 906 420 26,
953 367 1140 420 quando
1187 372 1434 406 exactores
1480 365 1779 418 didragmatis
1815 365 1862 406 in

542 436 791 490 presencia
828 437 1152 490 apostolorum
1191 435 1491 488 singulariter
1524 435 1685 475 dicunt
1715 435 1860 475 Petro

547 513 781 559 tamquam
834 520 994 546 eorum
1038 505 1261 545 maximo:
1305 505 1531 557 lifagister
1582 508 1724 545 vester
1776 518 1860 545 non

547 577 677 616 solvit
708 576 994 627 didragma?
1026 575 1156 627 quod
1178 573 1395 615 Salvator
1423 574 1584 614 docuit
1604 574 1652 613 in
1676 573 1861 622 effectu,

547 646 734 698 quando
766 645 962 684 Petrum
995 645 1146 684 solum
1174 642 1178 698 Ι
1206 643 1253 683 in
1286 643 1528 683 solucione
1569 657 1740 685 census
1773 643 1864 683 sibi
1906 653 1984 691 174³

547 714 875 755 coniunxerat:
901 715 1034 764 Vade,
1049 713 1211 766 inquit,
1227 715 1288 753 ad
1308 726 1438 753 mare
1459 717 1498 753 et
1519 714 1641 754 mitte
1660 715 1862 764 hamum,

545 788 583 824 et
607 785 782 837 piscem
826 785 902 836 qui
930 784 1085 836 primo
1119 784 1373 823 ascenderit
1411 784 1514 824 tolle
1546 787 1584 823 et
1606 786 1762 835 aperto
1786 795 1863 822 ore

544 855 639 894 eius
677 854 881 894 invenies
918 857 1145 904 staterem,
1182 853 1314 892 illum
1346 865 1531 893 sumens
1563 854 1622 892 da
1654 852 1747 892 illis
1772 864 1860 904 pro

544 936 616 964 me
649 927 687 964 et
712 936 802 976 pro
833 926 883 963 te.

266 1001 455 1064 gesbimopy
476 1001 510 1048 οξ
602 992 772 1033 Tercio
808 992 1106 1032 confirmatur
1125 991 1215 1032 ista
1237 991 1479 1031 sentencia
1505 1004 1567 1031 ex
1588 990 1861 1031 testimonio
1883 1007 1921 1028 10

291 1041 310 1063 ᾗ
362 1044 510 1071 mmm*
546 1067 829 1103 sanctorum.
882 1061 1000 1102 Nam
1031 1062 1201 1101 beatus
1232 1060 1495 1114 Dionysius
1527 1066 1641 1114 post
1673 1065 1862 1100 autores

545 1131 780 1184 scripture
811 1130 948 1171 testis
971 1130 1229 1184 precipuus
1257 1129 1305 1170 in
1325 1130 1445 1170 libro
1470 1143 1555 1169 suo
1579 1130 1654 1169 De
1677 1129 1862 1169 Divinis

544 1200 821 1241 Nominibus
855 1200 1061 1253 capitulo
1095 1199 1244 1240 tercio
1276 1205 1418 1240 vocat
1448 1201 1639 1240 beatum
1670 1199 1864 1239 Petrum

544 1271 816 1320 vertz'calem,
838 1269 886 1309 id
902 1275 988 1316 est,
1013 1269 1263 1322 capitalem
1278 1282 1363 1309 seu
1387 1269 1693 1322 capitaneum,
1708 1274 1863 1309 motus

546 1353 607 1379 ex
640 1340 766 1379 dicto
800 1338 973 1379 Christi
1002 1338 1106 1389 Joh.
1140 1337 1174 1390 I,
1207 1337 1289 1378 ubi
1329 1337 1378 1377 in
1421 1338 1571 1391 prima
1602 1337 1862 1378 vocacione
1883 1343 1919 1376 15

543 1409 675 1450 Petri
717 1408 927 1448 nominat
971 1422 1075 1448 eum
1109 1408 1308 1461 Cephas,
1352 1409 1481 1461 quod
1525 1413 1662 1448 sonat
1709 1413 1861 1460 caput.

544 1479 607 1519 Et
636 1478 757 1519 libro
792 1491 878 1518 suo
910 1479 986 1518 De
1017 1477 1354 1518 Ecclesiastica
1380 1477 1636 1517 Yerarchia
1662 1476 1708 1516 V
1741 1477 1862 1530 capi-

544 1550 643 1589 tulo
688 1554 831 1589 vocat
875 1548 1021 1588 eciam
1064 1549 1256 1588 beatum
1292 1548 1488 1588 Petrum
1531 1549 1862 1600 discipulorum

544 1620 815 1668 verticalea-n,
868 1619 998 1671 quod
1049 1617 1260 1658 ostendit
1319 1630 1379 1657 ex
1429 1617 1522 1657 hoc
1575 1617 1703 1669 quod
1758 1616 1863 1669 ipse

544 1688 869 1742 principaliter
913 1687 1171 1727 celebravit
1216 1687 1504 1727 eleccionem
1540 1686 1716 1727 Mathie
1754 1687 1921 1726 locozo

546 1758 699 1811 Yude,
733 1763 783 1798 ut
814 1763 947 1811 patet
978 1757 1084 1797 Act.
1117 1756 1150 1798 Ι.
1202 1757 1342 1797 Unde
1373 1756 1463 1797 iste
1508 1762 1699 1797 sanctus
1736 1755 1864 1796 beati

544 1827 678 1868 Pauli
709 1827 966 1880 precipuus
1001 1826 1259 1879 discipulus
1294 1832 1341 1866 et
1376 1826 1423 1866 in
1455 1831 1605 1866 morte
1640 1825 1864 1866 assistens

544 1897 592 1937 in
623 1896 784 1937 libello
819 1910 959 1949 quem
997 1895 1188 1949 scripsit
1217 1897 1293 1936 De
1325 1896 1482 1935 Morte
1518 1895 1864 1948 Apostolorum

547 1967 615 2006 sic
648 1966 900 2019 alloquitur
931 1965 1250 2005 Thimoteum:
1288 1963 1402 2006 Cam
1439 1968 1772 2017 separarentur
1809 1966 1865 2005 ab

546 2037 736 2076 invicem
784 2037 905 2075 ducti
951 2037 1013 2075 ad
1043 2037 1142 2075 loca
1183 2036 1412 2087 supplicii,
1459 2035 1635 2075 Paulus
1676 2035 1920 2075 Petrum&

548 2107 797 2157 alloquitur
828 2106 874 2144 tn
897 2106 972 2145 hec
1003 2106 1160 2145 verba:
1196 2105 1296 2145 Pax
1316 2108 1473 2156 tecum,
1501 2104 1863 2156 fismdamentnm

548 2177 842 2216 ecclesiarum
883 2179 921 2214 et
951 2178 1115 2227 pastor
1153 2176 1305 2215 ovium
1345 2178 1383 2214 et
1421 2183 1647 2227 agnorum
1685 2172 1864 2215 Christi.

548 2245 652 2285 Hec
692 2244 960 2284 testimonia
1010 2257 1105 2284 non
1143 2248 1397 2284 testaretur
1442 2248 1536 2283 tam
1582 2248 1772 2283 sanctus
1818 2248 1866 2283 et

547 2321 641 2355 tam
675 2313 858 2354 subtilis
901 2314 1156 2367 theologus
1206 2327 1258 2353 se
1301 2312 1587 2353 sensibiliter
1628 2312 1864 2353 audivisse

548 2391 596 2424 et
626 2390 719 2424 tam
764 2383 1017 2436 diligenter
1053 2388 1261 2436 notasse,
1299 2382 1388 2423 nisi
1421 2383 1640 2423 crederet
1675 2384 1864 2422 beatum
1882 2389 1924 2421 30

547 2454 740 2493 Petrum
782 2453 929 2493 fuisse
976 2458 1118 2506 caput
1164 2452 1354 2506 collegii
1386 2453 1723 2505 Apostolorum
1754 2457 1866 2505 post

622 2661 672 2683 12.
710 2651 747 2682 In
790 2651 941 2692 capitulo
983 2650 1091 2682 tercio
1129 2650 1180 2681 De
1224 2651 1349 2681 divinis
1392 2650 1592 2681 nominibus
1635 2650 1863 2681 solummodo

547 2708 687 2750 legitur:
731 2707 865 2740 Aderat
906 2709 1023 2740 aulem
1068 2710 1098 2740 et
1134 2707 1286 2740 Iacobus
1303 2708 1428 2749 frater
1470 2707 1619 2740 Domini
1664 2709 1695 2739 et
1737 2707 1865 2739 Petrus

545 2775 687 2797 summa
712 2767 743 2797 et
763 2767 1035 2807 porreta-tissima
1067 2765 1305 2808 theologorum
1334 2766 1535 2797 summitas.
1567 2765 1631 2796 Ed.
1659 2764 1735 2798 Col.
1768 2764 1863 2797 1536.

553 2823 601 2855 18.
628 2824 785 2855 Rectius:
811 2823 1084 2865 Discipulorum
1101 2833 1284 2855 summum
1303 2824 1384 2855 ibid.
1483 2833 1536 2864 24.
1562 2821 1721 2864 Epistola
1747 2833 1863 2865 apocr.

546 2882 626 2912 vide
653 2882 754 2921 Pina,
780 2882 882 2914 Anal.
910 2892 1005 2913 sacra
1032 2882 1087 2914 IV.
