2078 3338
230 278 318 305 CAP.
340 271 407 322 IX]
630 282 689 312 DE
715 280 995 313 POTESTATE
1023 283 1152 315 PAPE.

228 386 401 438 singuli
421 387 712 426 ecclesiarum
736 387 944 439 episcopi,
976 384 1148 439 singuli
1169 388 1546 440 archipresbiteri,

228 456 401 508 singuli
443 456 757 496 archidiaconi
799 459 839 496 et
882 457 1031 497 omnis
1074 458 1184 496 ordo
1225 458 1547 499 ecclesiasticus

229 526 326 566 suis
374 526 624 566 rectoribus
674 526 897 566 innititur.
960 524 1165 579 Oportet
1217 526 1360 580 igitur
1410 541 1547 568 unam

229 594 504 636 militantem
537 595 783 635 ecclesiam
814 596 986 636 habere
1020 602 1385 637 conversantem
1407 611 1548 638 unum

199 664 535 718 5preposstum,
588 678 690 705 cum
743 666 1000 706 secundum
1043 666 1352 720 philosophos
1398 667 1547 708 omnis

230 735 476 776 multitudo
511 736 568 775 ad
599 736 824 777 unitatem
855 736 1107 778 reducitur.

287 805 413 845 Data
442 805 585 859 igitur
615 811 715 846 tota
751 805 841 846 ista
873 806 1115 847 sentencia
1146 812 1276 860 patet
1317 820 1378 847 ex
1411 806 1547 847 dictis

232 876 359 928 quod
394 875 595 915 alienum
628 881 701 915 est
731 889 792 915 ex
822 876 924 916 istis
953 875 1127 916 inferre
1167 877 1294 930 quod
1316 876 1424 917 talis
1447 889 1548 930 pre-

230 945 416 998 positus
441 945 500 985 sit
522 945 768 986 Romanus
792 946 1011 999 pontifex
1033 947 1110 986 vel
1139 946 1349 986 humanis
1380 945 1548 987 ritibus

179 1015 481 1057 10institutus.
535 1014 632 1056 Sed
671 1015 792 1056 sicut
827 1016 874 1056 in
905 1016 1056 1056 brutis
1090 1016 1187 1056 dux
1229 1015 1493 1057 ostenditur
1525 1029 1550 1056 a

230 1090 405 1137 natura,
450 1090 502 1125 ut
543 1090 674 1138 patet
718 1099 779 1125 ex
823 1086 1015 1126 decreto
1059 1085 1288 1139 predicto⁷
1341 1085 1407 1126 sic
1452 1085 1550 1126 dux

232 1154 469 1195 christiani
502 1155 738 1197 exercitus
772 1157 917 1197 debet
940 1156 1127 1197 ostendi
1156 1156 1456 1197 revelacione
1485 1155 1548 1196 di-

231 1224 352 1276 vina,
405 1225 512 1278 quia
562 1226 702 1267 nichil
751 1226 926 1278 falsius,
985 1240 1122 1280 quam
1174 1227 1303 1279 quod
1352 1226 1550 1266 humana

233 1294 410 1335 eleccio
454 1295 566 1336 facit
608 1310 790 1350 papam,
838 1310 944 1337 nam
988 1297 1117 1337 solus
1152 1297 1284 1336 Deus
1326 1295 1550 1337 iustificat

179 1364 473 1406 15hominem.
525 1364 687 1406 Omnis
721 1366 799 1419 qui
837 1366 947 1406 facit
983 1379 1152 1419 papam
1184 1366 1259 1405 vel
1293 1368 1549 1406 membrum

232 1441 393 1476 sancte
424 1436 582 1476 matris
616 1436 832 1489 ecclesie,
877 1436 987 1476 facit
1017 1436 1201 1486 iustum,
1243 1435 1388 1489 igitur
1419 1436 1548 1476 solus

229 1505 461 1547 Dominus
505 1505 619 1546 facit
661 1519 844 1559 papam.
897 1505 1050 1546 Maior
1094 1510 1228 1558 patet
1264 1518 1350 1558 per
1387 1506 1549 1560 Augu-

231 1575 402 1616 stinum
433 1575 480 1616 in
511 1576 586 1615 De
611 1575 785 1615 Verbis
812 1575 1005 1616 Domini
1033 1588 1252 1617 sermone
1274 1575 1413 1615 XLV
1446 1588 1549 1615 cum

230 1645 347 1686 locis
386 1645 626 1698 similibus,
665 1645 747 1686 ubi
777 1651 964 1699 reputat
996 1645 1267 1699 oppositum
1305 1644 1440 1685 nimis
1471 1645 1548 1685 he-

175 1716 437 1756 2oreticum.
491 1716 552 1756 Et
582 1716 732 1756 minor
767 1721 899 1769 patet
945 1729 1007 1756 ex
1043 1717 1134 1756 hoc
1172 1715 1300 1768 quod
1331 1728 1454 1768 papa
1486 1715 1550 1767 (in

232 1791 453 1840 quantum
485 1786 766 1839 huiusmodi>
807 1791 879 1826 est
909 1791 1044 1840 pater
1066 1784 1386 1826 sanctissimus
1410 1791 1549 1838 atque

231 1856 525 1906 iustissimus,
574 1870 677 1896 cum
724 1862 885 1897 notum
930 1856 991 1896 sit
1022 1857 1150 1909 quod
1184 1855 1440 1896 cardinales
1473 1854 1549 1895 eli-

233 1927 392 1979 gendo
432 1927 690 1966 membrum
731 1939 826 1966 non
871 1926 1053 1980 eligunt
1089 1939 1270 1979 papam,
1316 1938 1404 1965 nec
1442 1938 1550 1977 pro-

231 1995 329 2036 ficit
360 1997 445 2036 sed
478 1996 626 2036 officit
656 1997 794 2036 talem
826 1995 873 2036 in
907 1995 1108 2036 ecclesia
1138 1995 1394 2049 presidere.
1435 1994 1549 2035 Ideo

177 2070 216 2103 25
234 2066 338 2106 Act.
370 2065 521 2119 primo
560 2066 744 2119 legitur,
784 2066 1022 2120 quomodo
1059 2065 1273 2106 dominus
1311 2077 1406 2104 non
1439 2078 1548 2118 apo-

234 2134 344 2175 stoli
364 2134 608 2175 Matthiam
638 2136 684 2176 in
709 2136 974 2188 apostolum
999 2137 1258 2188 elegerunt.
1289 2134 1351 2174 Et
1373 2139 1550 2175 certum

235 2209 307 2244 est
363 2205 490 2257 quod
538 2205 797 2245 cardinales
843 2218 904 2244 ex
945 2204 1116 2245 ficticia
1157 2203 1414 2245 introducti
1456 2217 1550 2244 non

231 2274 409 2314 habent
441 2274 751 2315 efficaciorem
780 2274 1103 2315 auctoritatem
1129 2287 1264 2327 quam
1286 2275 1552 2314 habuerunt

235 2343 346 2384 dicti
379 2344 595 2397 apostoli.

1759 284 1833 323 195

1575 813 1657 849 Only
1678 812 1747 841 God
1769 821 1824 841 can

1582 849 1670 876 make
1690 857 1706 877 a
1727 857 1818 884 pope.

1575 1720 1643 1748 The
1663 1719 1827 1748 cardinal&

1588 1756 1715 1783 election
1739 1756 1765 1782 is
1785 1755 1820 1782 of

1626 1799 1665 1818 no
1687 1791 1784 1819 effect.

178 2422 219 2454 30
291 2413 431 2454 Unde
464 2413 651 2455 videtur
681 2414 838 2455 multis
878 2415 1006 2467 quod
1036 2413 1153 2454 ritus
1182 2412 1440 2453 hodiernus
1474 2412 1549 2452 eli·
1591 2420 1658 2447 The
1679 2420 1808 2448 modern

1566 2455 1645 2482 form
1660 2454 1695 2481 of
1710 2455 1838 2482 election

116 2488 197 2533 209‘1
233 2483 377 2539 gendi
407 2497 574 2537 papam
604 2483 823 2525 inductus
857 2484 917 2524 sit
949 2482 1149 2523 ecclesie
1172 2495 1282 2523 scan
1310 2480 1315 2537 Ι
1345 2482 1550 2531 dalozus,
1584 2489 1608 2516 is
1630 2498 1662 2517 as
1685 2490 1822 2519 scandal-

233 2553 382 2607 primo
416 2554 523 2606 quia
556 2559 629 2594 est
654 2553 956 2594 infundabilis
983 2567 1044 2593 ex
1067 2552 1305 2605 scriptura.
1340 2551 1550 2592 Christus

237 2623 357 2663 enim
391 2623 520 2663 cuius
558 2623 786 2677 potestati
820 2624 1019 2664 humane
1057 2635 1152 2662 non
1185 2627 1386 2674 possunt
1418 2620 1549 2674 equi-

235 2693 389 2746 parari
435 2693 646 2746 apostoli,
701 2692 846 2746 elegit
892 2692 981 2733 sibi
1026 2692 1267 2745 apostolos
1316 2695 1363 2730 et
1408 2703 1549 2730 unum

307 2885 350 2913 17,
377 2877 430 2904 AB
459 2877 489 2904 in
519 2884 633 2912 marg:
663 2875 780 2904 Facere
805 2876 968 2903 membrum
993 2874 1128 2902 ecclesie.
1214 2873 1260 2902 30.
1293 2873 1347 2901 ΑΒ
1375 2874 1405 2901 in
1433 2880 1548 2909 marg.:

236 2923 358 2951 Eleccio
376 2931 466 2958 pape.

1348 2966 1410 3001 13*
