2078 3338
213 283 304 310 CAP-
331 274 414 331 ΧΠ]
612 289 671 320 DE
699 288 979 321 PoTEsTATE
1006 288 1135 320 PAPE.

211 392 319 446 lege
350 391 543 433 Domini
576 406 713 446 quam
744 406 831 446 per
870 406 922 432 se
954 393 1032 433 vel
1071 406 1175 432 cum
1208 392 1404 433 adiectis
1436 393 1533 447 legi

213 461 386 502 domini
442 461 630 516 legibus
673 461 912 502 hominum
956 461 1234 502 adinventis.
1286 462 1431 502 Patet
1470 475 1532 502 ex

209 532 300 571 hoc
333 532 461 584 quod
491 531 644 584 primo
701 533 844 572 modo
887 531 1058 571 honori
1089 531 1183 572 Dei
1229 531 1530 582 conformius,

211 601 267 640 ad
318 600 621 641 serviendum
674 601 764 642 sibi
816 600 1048 641 direccius
1102 606 1151 641 et
1207 600 1529 641 inducendum

177 673 376 723 5pacem
421 670 624 710 ecclesie
671 670 927 724 copiosius,
972 670 1271 723 regularetur
1317 670 1531 711 ecclesia.

208 739 348 780 Unde
400 739 751 780 antichristiana
800 739 981 780 heresis
1026 739 1216 780 videtur
1277 740 1406 793 quod
1449 740 1530 779 lex

207 809 301 849 Dei
331 823 422 849 non
457 814 530 849 est
561 822 648 862 per
680 823 731 849 se
765 809 1005 850 sufficiens
1028 822 1117 849 nec
1142 822 1263 862 eque
1287 808 1529 849 sufficiens

206 884 258 919 ut
288 879 425 932 leges
457 879 696 919 hominum
730 879 1012 932 extinguere
1043 878 1235 919 iniurias
1256 877 1302 918 in
1329 878 1530 918 ecclesia

79 953 161 994 245⁰
206 947 540 1001 germinanteS,
570 951 574 999 Ι
602 962 706 989 nam
747 950 803 988 ad
844 948 1230 989 confundendum
1273 948 1392 988 tales
1429 948 1528 988 infi-

151 1033 191 1055 10
206 1018 426 1059 delitates
480 1019 537 1058 de
577 1018 870 1059 Antichristo
911 1018 1081 1059 dicitur
1111 1018 1302 1058 Psalmo
1336 1017 1421 1068 IX,
1455 1030 1527 1057 21:

207 1087 433 1131 Constitue
454 1088 652 1129 Domine
675 1090 981 1142 legislatorem
1013 1100 1152 1141 super
1182 1100 1266 1138 eos,
1305 1091 1354 1127 ut
1383 1087 1529 1128 sciant

198 1162 364 1211 gentes,
409 1160 626 1212 quoniam
656 1159 860 1200 homines
901 1162 1007 1199 sunt
1046 1158 1102 1198 ad
1139 1157 1389 1211 imaginem
1420 1156 1526 1206 Dei,

205 1227 375 1281 quibus
421 1228 600 1269 creavit
642 1229 801 1282 legem
845 1228 891 1268 in
941 1227 1253 1282 reputacione
1288 1240 1371 1267 sua
1404 1240 1526 1266 com-

200 1298 377 1350 pletam
401 1299 626 1345 condere3
658 1298 766 1339 ideo
791 1298 970 1340 debent
993 1298 1250 1339 secundum
1271 1297 1395 1337 illam
1420 1309 1525 1336 con-

149 1371 185 1403 15
202 1367 383 1407 versari
404 1374 456 1408 ut
475 1368 688 1408 homines
713 1373 760 1409 et
787 1381 880 1409 non
905 1373 956 1408 ut
976 1369 1126 1408 bruta.
1159 1367 1292 1407 Deus
1318 1366 1441 1407 enim
1465 1379 1525 1406 ex

202 1450 379 1478 summa
406 1438 644 1491 sapiencia
670 1439 828 1492 legem
859 1437 1070 1478 condidit
1093 1442 1140 1477 et
1164 1436 1296 1476 dedit
1325 1436 1526 1476 ecclesie

202 1506 260 1546 ad
289 1507 413 1547 hunc
446 1507 597 1548 finem.
631 1507 748 1547 Ideo
782 1507 821 1547 si
851 1508 933 1547 lex
963 1507 1164 1548 humana
1190 1506 1315 1547 foret
1347 1505 1405 1545 ad
1434 1506 1526 1545 hoc

199 1575 310 1630 lege
349 1577 442 1618 Dei
488 1576 791 1630 complecior,
834 1576 1156 1617 Antichristus
1198 1575 1246 1616 in
1289 1574 1524 1629 potencia,

197 1644 247 1685 in
279 1646 532 1699 sapiencia,
567 1652 613 1687 et
644 1646 690 1687 in
712 1646 1025 1700 providencia
1049 1646 1310 1686 excederet
1330 1645 1525 1696 Jhesum

143 1731 185 1752 20
202 1714 454 1767 Christum,
501 1721 549 1757 et
591 1722 704 1757 tunc
741 1729 849 1757 vera
885 1715 1012 1756 foret
1050 1715 1390 1769 discipulorum
1424 1714 1523 1754 eius

200 1785 455 1838 sentencia,
495 1787 626 1839 quod
676 1785 957 1840 expedicius
988 1785 1116 1826 foret
1148 1784 1351 1825 ecclesie
1396 1784 1524 1837 quod

197 1855 475 1908 legerentur
517 1856 565 1896 in
616 1855 773 1897 missis
827 1856 1031 1909 epistole
1077 1855 1341 1895 decretales
1386 1868 1524 1908 quam

200 1924 403 1978 epistole
449 1926 778 1979 apostolorum
821 1926 899 1966 vel
940 1925 1255 1979 evangelium:
1301 1938 1406 1964 nam
1452 1937 1522 1964 se-

199 1995 402 2035 cundum
435 1996 565 2049 quod
595 1997 677 2036 lex
710 2001 784 2036 est
815 1995 1115 2036 necessarior
1153 2000 1199 2034 et
1241 1993 1523 2048 expedicior

141 2071 181 2104 25
199 2070 274 2105 est
304 2065 453 2120 magis
485 2065 770 2106 venerabilis
804 2070 851 2106 et
873 2066 980 2120 plus
1014 2064 1254 2105 meritorie
1287 2077 1521 2104 commen-

199 2134 361 2175 danda.

255 2204 387 2257 Item,
430 2205 511 2245 lex
545 2204 717 2246 Christi
760 2206 868 2258 plus
911 2205 1132 2258 pacificat
1176 2217 1281 2244 cum
1319 2204 1427 2244 Deo
1474 2208 1522 2243 et

196 2273 304 2326 plus
338 2273 546 2327 disponit
591 2275 649 2314 ad
694 2275 893 2315 salutem
938 2274 1101 2327 anime,
1148 2287 1287 2327 quam
1317 2272 1519 2314 tradicio

195 2343 406 2395 humana,
431 2345 516 2384 sed
538 2344 585 2385 in
609 2350 832 2398 quantum
855 2346 937 2385 lex
957 2345 1047 2385 hec
1070 2343 1252 2393 fecerit,
1279 2348 1353 2383 est
1374 2343 1520 2383 hono-

140 2420 181 2453 30
197 2412 387 2453 rabilior
419 2427 471 2454 ac
502 2414 810 2466 necessarior,
843 2414 990 2468 igitur
1017 2415 1100 2454 lex
1124 2413 1299 2454 Christi
1328 2412 1521 2453 excellit

195 2483 675 2537 proporcionabiliter
701 2484 1010 2525 tradicionem
1040 2485 1298 2524 humanam.
1330 2482 1391 2522 Et
1415 2495 1520 2522 cum

195 2566 290 2606 pax
323 2566 460 2607 quam
503 2554 648 2595 habet
691 2554 832 2594 homo
881 2567 984 2594 cum
1016 2555 1124 2594 Deo
1163 2552 1394 2593 infinitum
1429 2565 1516 2591 ex-

197 2623 325 2663 cedit
344 2636 511 2676 pacem
541 2623 689 2678 aliam,
722 2624 844 2664 sicut
867 2625 993 2665 salus
1017 2623 1168 2664 anime
1193 2628 1238 2662 et
1261 2621 1517 2675 spiritualis

194 2693 490 2746 prosperitas
533 2693 788 2733 infinitumr
818 2694 1058 2734 excedunt
1100 2694 1228 2733 bona
1273 2691 1371 2741 alia,
1425 2704 1518 2743 que

268 2875 294 2903 5.
317 2874 356 2902 B:
384 2877 413 2902 et
439 2875 653 2911 regularetur.
730 2883 769 2902 11.
798 2873 916 2902 Codd.:
943 2874 998 2901 sed
1024 2877 1064 2901 ul.
1143 2881 1186 2908 17.
1214 2873 1315 2901 Codd.
1343 2872 1373 2900 in
1402 2880 1516 2907 marg:

193 2920 279 2956 Lege
298 2921 358 2948 Dei
375 2921 563 2956 impossibile
583 2924 627 2948 est
646 2928 711 2948 esse
730 2920 897 2947 meliorem.

1312 2966 1375 2998 22*

1739 294 1821 333 339

1565 2212 1700 2240 Christ's
1721 2213 1779 2240 law

1568 2248 1673 2274 makes
1693 2256 1729 2275 us
1749 2252 1779 2275 at

1577 2290 1670 2317 peace
1690 2283 1765 2310 with

1630 2316 1711 2345 God.
