2078 3338
230 264 283 302 34
950 263 1176 296 JOHANNJS
1203 265 1389 297 WYcLff·
1671 252 1776 310 [CAP.
1797 264 1835 292 11.

520 365 733 418 ecclesie,
774 365 978 419 Spiritus
1011 366 1213 409 Sanctus
1255 370 1303 410 in
1346 370 1594 423 evangelio
1641 384 1833 424 expres-

518 434 668 477 sisset.
724 434 859 475 Unde
890 449 1010 476 vana
1042 437 1288 478 curiositas
1322 439 1521 492 videtur⁷
1557 440 1664 493 plus
1697 453 1835 493 quam

518 504 768 545 evidenter
815 518 876 545 ex
921 506 1151 559 scriptura
1197 508 1389 561 elicitur,
1436 515 1637 550 tractare
1680 509 1834 549 huius-

515 574 642 614 modi
674 574 964 627 questiones,
1003 577 1089 616 sed
1125 576 1447 630 ignoranciam
1484 585 1691 619 nostram
1727 592 1834 619 con-

515 643 694 683 fitendo
742 644 977 686 humiliter
1021 647 1249 688 debemus
1296 648 1479 701 gracias
1523 662 1666 702 agere
1713 648 1868 700 De075

517 713 597 766 qui
638 713 860 754 noticiam
903 721 1112 755 nostram
1156 717 1224 756 sic
1269 718 1518 758 salubriter
1555 718 1833 758 moderavit.

276 793 436 828 Fitzralph
575 781 672 824 Sed
716 784 865 824 tercio
898 785 1087 825 videtur
1131 787 1375 827 doctorem
1420 801 1618 841 arguere
1663 801 1724 828 ex
1768 788 1833 827 in-

224 835 334 863 argues
346 829 410 856 that
430 828 501 864 they

272 868 357 925 3331
369 864 458 925 ἓξὲξ
517 853 857 895 conveniencia
898 856 1026 908 quod
1065 857 1276 909 oportuit
1314 857 1449 898 simul
1481 863 1530 898 et
1560 859 1702 911 plene
1732 857 1835 897 fieri

280 933 442 995 fflgffznag
518 923 804 975 sacerdotes,
859 924 966 977 quia
1018 925 1151 966 aliter
1184 925 1254 981 (ut
1284 926 1448 980 inquit)
1493 931 1834 968 sacramentum

241 1003 434 1038 completely,
455 1010 491 1030 or
515 993 765 1033 sacerdocii·
802 993 932 1045 foret
975 996 1193 1047 partibile
1244 1000 1283 1036 et
1332 1010 1421 1037 non
1468 998 1741 1037 indivisibile
1789 1001 1894 1037 uim

233 1038 496 1111 Πέκῗέξῖἓᾞὲῃῑε
515 1063 692 1116 reliqua
721 1068 1028 1105 sacramenta.

288 1107 439 1135 dmmble'
574 1130 672 1173 Sed
703 1133 779 1173 hic
810 1134 1001 1174 videtur
1031 1135 1142 1175 mihi
1178 1135 1311 1176 iuxta
1343 1136 1468 1176 dicta
1501 1137 1559 1177 de
1592 1142 1834 1189 potestate

514 1202 692 1242 ordinis
738 1205 879 1256 quod,
927 1211 1165 1258 quotquot
1209 1213 1316 1245 sunt
1359 1219 1536 1258 genera
1574 1206 1835 1247 officiorum

513 1273 799 1326 presbyteri,
851 1279 923 1314 tot
975 1281 1083 1315 sunt
1139 1288 1316 1328 genera
1366 1281 1669 1329 potestatum,
1724 1290 1833 1330 ymo

510 1348 734 1395 respectu
768 1343 1089 1397 cuiuscunque
1123 1351 1253 1385 actus
1297 1359 1436 1399 quem
1481 1346 1624 1386 debet
1672 1345 1890 1386 facere15

515 1425 576 1451 ex
606 1418 847 1465 potestate
876 1415 880 1465 l
908 1414 1174 1455 huiusmodi
1213 1421 1286 1456 est
1319 1416 1428 1455 dare
1461 1429 1599 1455 unam
1639 1416 1832 1456 insensi-
1878 1419 1955 1465 169¹³

259 1490 407 1530 There'is
428 1499 467 1530 ρο
512 1482 674 1529 bilem;
716 1489 764 1523 et
796 1496 960 1524 omnes
992 1484 1070 1524 ille
1109 1492 1343 1538 tamquam
1374 1491 1535 1539 partes
1578 1485 1833 1539 integrales

245 1526 481 1600 reathopffilnon
515 1553 592 1592 vel
625 1561 885 1606 aggregata
929 1554 1081 1594 eidem
1125 1555 1341 1596 subiecto
1374 1569 1511 1595 unam
1542 1561 1833 1609 potestatem

290 1596 435 1625 dmsmn.
517 1622 820 1664 constituunt.
872 1624 973 1664 Nec
1018 1624 1206 1665 videtur
1256 1625 1370 1666 illud
1421 1625 1696 1666 insensibile
1749 1626 1833 1665 sed

518 1692 703 1746 signum
736 1693 962 1734 sensibile
1006 1695 1135 1748 quod
1166 1695 1279 1736 facit
1308 1695 1529 1736 ordinans
1555 1708 1660 1736 esse
1684 1696 1832 1735 eccle·
1851 1710 1891 1731 20

517 1762 753 1803 siasticum
777 1771 1130 1805 sacramentum.
1164 1765 1265 1806 Nec
1289 1771 1360 1806 est
1382 1765 1722 1806 inconveniens
1746 1765 1834 1805 sed

516 1832 703 1873 veritati
747 1846 1007 1875 consonum
1041 1835 1169 1888 quod
1202 1835 1441 1888 quotlibet
1470 1835 1693 1889 parcialia
1725 1849 1832 1876 con-

516 1902 715 1943 stituunt
747 1917 888 1943 unum
921 1910 1274 1954 sacramentum,
1312 1905 1424 1946 licet
1455 1905 1548 1945 sint
1579 1905 1832 1958 disparium

516 1971 793 2026 specierum,
839 1987 943 2013 nam
986 1988 1074 2027 per
1106 1987 1157 2014 se
1196 1981 1359 2014 notum
1390 1974 1577 2015 videtur
1612 1975 1832 2015 fidelibus

517 2043 645 2095 quod
675 2043 809 2083 Deus
853 2050 1022 2096 posset
1066 2044 1175 2084 dare
1219 2044 1396 2084 homini
1439 2050 1732 2098 potestatem
1775 2045 1831 2084 ad
1847 2050 1888 2082 25

515 2125 657 2152 unum
690 2118 736 2152 et
768 2114 1048 2153 subtrahere
1079 2119 1369 2167 potestatem
1402 2115 1459 2154 ad
1492 2114 1627 2154 aliud.

228 2189 286 2217 We
306 2193 390 2216 must
410 2190 500 2217 allow
573 2181 647 2222 Ex
692 2182 863 2235 quibus
906 2183 1118 2236 sequitur
1162 2197 1266 2224 cum
1311 2184 1447 2224 dictis
1496 2184 1555 2224 de
1603 2183 1831 2237 quiditate

258 2225 323 2251 that
343 2232 465 2263 powers

244 2267 483 2330 ac²ssf>ssdgii1vge¹¹the
514 2252 780 2304 potestatis,
824 2253 954 2306 quod
986 2258 1179 2307 oportet
1224 2255 1337 2294 dare
1371 2253 1676 2307 particulares
1698 2259 1831 2307 pote-

251 2328 327 2356 need
348 2329 383 2356 of
399 2330 474 2357 each
517 2328 662 2362 states
696 2323 954 2362 secundum
985 2336 1228 2363 numerum
1261 2324 1556 2364 obiectorum
1586 2323 1832 2364 terminan-

323 2372 401 2392 Μεθ’
517 2391 650 2444 cium,
694 2392 802 2445 quia
835 2392 1070 2433 diceretur
1109 2393 1239 2433 aliter
1284 2395 1410 2446 quod
1443 2399 1604 2447 preter
1634 2393 1833 2434 liberum
1849 2399 1890 2431 30

517 2461 756 2502 arbitrium
771 2475 907 2503 nemo
922 2462 1186 2516 acquireret
1199 2463 1276 2503 vel
1290 2464 1519 2516 perderet
1531 2468 1832 2516 potestatem.

265 2539 326 2601 {gg
330 2539 405 2601 Vgiow
406 2544 460 2602 ¹1¹3}
514 2530 722 2572 Ulterius
771 2532 959 2573 videtur
1000 2533 1231 2573 incertum
1277 2538 1500 2586 quantam
1543 2538 1832 2586 potestatem

238 2617 491 2680 nggggffyatrga
516 2606 766 2654 oporteret
815 2602 1020 2642 viantem
1075 2603 1264 2654 habere,
1325 2604 1382 2643 ad
1436 2604 1528 2643 hoc
1586 2604 1716 2656 quod
1771 2602 1832 2642 sit

307 2679 412 2714 priest.
516 2672 752 2724 sacerdos,
798 2673 875 2711 vel
919 2672 958 2712 si
1003 2685 1166 2712 omnes
1219 2674 1492 2713 sacerdotes
1546 2678 1654 2713 sunt
1705 2671 1829 2725 paris

584 2862 612 2889 7.
635 2855 656 2881 B
677 2854 707 2882 in
729 2863 844 2890 marg:
865 2856 903 2882 de
923 2856 1041 2882 unitate
1058 2856 1260 2883 sacerdotalis
1279 2856 1409 2883 ordinis,
1485 2863 1534 2890 27.
1555 2856 1592 2882 13:
1616 2863 1653 2882 ex
1666 2855 1829 2890 quiditate.

515 2899 564 2928 30.
586 2901 624 2928 B:
646 2902 790 2936 quoniam
808 2905 923 2936 preter.
998 2901 1046 2929 33.
1067 2903 1111 2929 A:
1133 2904 1265 2937 oportet.
