2078 3338
200 264 281 302 216

221 953 305 981 Even
328 952 431 980 Christ
446 961 458 979 s

213 988 340 1015 electior]
362 987 387 1014 is
407 993 459 1014 not

202 1023 324 1058 enough
346 1022 478 1049 without

222 1057 465 1093 predestination

202 1100 235 1119 as
254 1091 350 1120 ,ludas
365 1092 477 1121 shews.

241 2067 308 2095 The
328 2067 444 2095 Roman

264 2102 388 2130 Church
409 2103 434 2129 is

267 2138 425 2164 wilei-ever

245 2173 293 2199 the
314 2180 396 2199 mass
417 2171 451 2199 of

209 2208 260 2234 the
280 2207 400 2234 faithful
421 2214 482 2234 are.

926 271 1151 303 JOHANNIS
1177 271 1363 302 WYCLIF
1618 255 1725 314 [CAP.
1751 266 1803 294 ιχ.

489 376 879 415 christianismum
903 378 1037 427 caput
1052 376 1258 415 omnium
1281 375 1488 414 aliarum
1511 374 1805 414 ecclesiarum

488 445 783 497 constitueret,
816 446 986 485 cederet
1017 445 1174 485 ceteris
1198 445 1397 497 paribus
1428 444 1690 497 capitalitas
1712 443 1804 483 Ro-

490 527 625 555 mcme
657 515 846 555 ecclesie.
899 514 1140 555 Horribile
1172 514 1332 567 itaque
1365 518 1506 566 atque
1537 512 1805 553 necessario

491 583 762 624 defectibile
795 583 1148 624 fundamentum
1182 583 1384 623 ecclesie
1415 596 1439 622 a
1460 582 1659 623 seculari
1684 582 1808 635 prin-

491 654 596 707 cipe
628 653 692 693 ita
721 653 975 694 inductum.
1028 652 1268 706 Numquid
1301 652 1532 692 credimus
1567 652 1694 705 quod
1724 652 1840 691 hu-5

489 736 625 763 mana
669 722 849 763 eleccio
897 723 1004 776 plus
1047 722 1159 763 iuris
1211 735 1300 776 per
1351 735 1403 762 se
1455 721 1618 762 tribuit
1672 734 1808 774 quam

492 792 664 833 Christi
708 791 916 832 eleccio?
970 791 1141 833 Christi
1185 796 1340 832 autem
1386 791 1564 831 eleccio
1604 804 1698 830 non
1737 795 1810 830 est

490 875 578 915 per
610 875 660 902 se
694 861 935 902 sufficiens
970 861 1027 901 ad
1057 861 1440 901 constituendum
1467 872 1809 913 quamcumque

490 937 675 984 partem
709 931 925 981 ecclesie,
967 944 1070 971 cum
1102 930 1355 984 requiritur
1388 934 1551 970 eterna
1584 928 1810 982 predesti-

492 1001 626 1041 nacio
673 1014 776 1040 curn
822 1001 980 1054 gracia
1025 1004 1346 1041 consumante.
1397 999 1458 1040 Et
1500 998 1608 1038 hinc
1667 998 1808 1038 credo

493 1071 620 1124 quod
652 1070 729 1110 ille
763 1069 843 1123 qui
874 1070 1014 1110 nichil
1036 1070 1149 1110 facit
1172 1083 1233 1109 ex
1267 1068 1590 1109 indifferencia
1619 1067 1811 1119 reliquit

492 1140 630 1180 nobis
665 1140 933 1193 exemplum
967 1140 1025 1179 ad
1049 1138 1446 1179 consenciendum
1467 1137 1547 1178 isti
1569 1136 1810 1178 sentencie

492 1223 580 1263 per
606 1211 696 1249 hoc
724 1210 853 1262 quod
873 1209 1075 1262 ipsemet
1093 1208 1237 1263 elegit
1252 1208 1519 1262 dyabolum.
1542 1207 1644 1258 Joh.
1659 1205 1741 1255 VI,
1760 1218 1805 1258 71

495 1279 682 1319 dicitur:
716 1278 873 1319 Nonne
906 1280 1144 1319 duodecim
1176 1291 1254 1319 vos
1285 1279 1397 1330 elegi
1419 1280 1457 1317 et
1479 1289 1598 1317 muts
1621 1289 1670 1316 ex
1691 1276 1813 1315 volvis

493 1349 709 1400 dyabolus
741 1349 835 1388 est?
870 1348 1038 1388 Tercio
1073 1348 1269 1388 docetur
1298 1347 1460 1387 eadem
1486 1344 1728 1386 sentencia
1751 1358 1812 1384 ex
1854 1352 1868 1385 5.

496 1419 683 1458 decreto
715 1417 844 1457 beati
875 1417 1118 1471 Jeronymi
1149 1417 1308 1470 posito
1342 1415 1519 1456 XXIV
1552 1414 1738 1468 questio
1767 1414 1809 1454 I:

500 1487 726 1540 Quoniam
766 1491 889 1527 vetus
926 1488 1089 1540 oriens,
1135 1486 1216 1526 ubi
1257 1486 1419 1526 dicens
1456 1484 1638 1525 mistice
1670 1484 1813 1524 multa

496 1556 884 1597 commendabilia
943 1558 1000 1596 de
1048 1556 1266 1597 Romana
1318 1555 1520 1596 ecclesia
1571 1552 1814 1605 subiungit

496 1626 834 1676 condicionem,
868 1640 1006 1680 quam
1043 1631 1235 1680 oportet
1270 1626 1328 1666 de
1367 1625 1473 1678 ipsa
1505 1622 1811 1677 subintelligi:

494 1696 705 1748 Fatiscat,
736 1695 901 1749 inquit,
934 1697 1113 1736 invidia
1140 1696 1342 1736 Romani
1374 1695 1603 1746 culminis,
1636 1693 1813 1733 recedat

496 1766 688 1807 ambicio
697 1780 713 1816 ;
762 1778 864 1806 cnm
916 1778 1170 1807 successore
1218 1766 1461 1818 piscatoris
1511 1767 1549 1804 et
1594 1763 1812 1815 discipulo

499 1834 666 1878 Christi
703 1836 881 1888 loquor:
920 1835 982 1875 Et
1021 1834 1262 1875 concludit
1298 1835 1343 1875 in
1376 1835 1480 1875 fine.
1539 1833 1815 1886 Quicumque

495 1908 640 1945 tecum
672 1918 761 1945 uon
793 1906 975 1958 colligit,
1008 1906 1193 1958 spergit,
1225 1906 1305 1945 hoc
1336 1907 1398 1945 est
1428 1904 1506 1956 qui
1531 1902 1698 1944 Christi
1726 1915 1812 1942 nou

496 1978 569 2025 est,
603 1974 870 2016 Antichristi
902 1979 974 2015 est.
1008 1975 1061 2014 In
1095 1988 1185 2028 qua
1215 1975 1325 2028 lege
1355 1979 1464 2014 sunt
1486 1972 1574 2014 tria
1596 1972 1813 2017 notanda,

1832 1015 1868 1035 lo

1830 1711 1872 1732 20

495 2043 645 2097 primo
680 2045 807 2097 quod
828 2045 1047 2085 Romana
1079 2044 1279 2084 ecclesia
1311 2050 1384 2084 est
1420 2043 1703 2096 ubicumque
1738 2042 1810 2081 ha-
1832 2050 1871 2082 23

494 2113 717 2154 bitaverit
747 2114 1030 2155 universitas
1062 2113 1270 2154 fidelium
1301 2113 1547 2163 viatorum,
1587 2112 1653 2152 sic
1686 2112 1815 2165 quod

498 2183 537 2223 si
589 2184 680 2223 iam
738 2197 830 2224 non
887 2189 1015 2225 esset
1070 2183 1184 2224 alius
1227 2184 1472 2223 Romanus
1524 2182 1814 2223 christianus.

499 2253 650 2293 adhuc
691 2253 859 2294 fideles
905 2253 1125 2294 conversi
1169 2266 1194 2293 a
1238 2265 1537 2306 quocumque
1581 2251 1814 2305 apostoloae

500 2323 607 2376 quia
651 2328 759 2363 sunt
803 2322 1021 2376 discipuli
1063 2322 1194 2363 Petri
1233 2328 1280 2362 et
1313 2321 1459 2371 Pauli,
1505 2321 1585 2374 qui
1627 2321 1816 2361 fuerunt

499 2392 717 2441 Romani,
761 2398 965 2445 possunt
1009 2392 1100 2432 dici
1142 2392 1359 2432 Romana
1411 2390 1634 2440 ecclesia;
1687 2395 1848 2430 tanta3

499 2475 700 2515 namque
723 2462 810 2502 fuit
835 2461 1005 2503 Christi
1038 2467 1086 2502 et
1118 2462 1321 2502 omnium
1345 2458 1689 2515 apostolorum}
1709 2473 1814 2500 con·
1855 2475 1871 2496 ε
1931 2468 1936 2478 ’

571 2665 597 2692 7.
622 2656 720 2685 Codd.
749 2657 916 2693 in1na1·g.:
947 2657 1070 2685 Eleccio
1100 2658 1236 2684 humana
1266 2665 1327 2684 non
1358 2660 1403 2684 est
1430 2655 1544 2692 efficax
1571 2656 1612 2683 ad
1630 2655 1815 2691 factendam

503 2704 631 2739 dignum
655 2704 822 2739 prelatum.
903 2712 945 2739 19.
977 2704 1015 2731 13:
1047 2704 1083 2731 de
1111 2704 1179 2739 ipsa
1208 2703 1301 2730 deest.
1383 2711 1431 2731 20.
1463 2702 1500 2730 13:
1519 2702 1691 2738 fatiscatff.
1705 2704 1817 2730 cesset:

500 2751 544 2777 A:
560 2753 655 2777 cesset
666 2750 924 2785 superscriptum.
993 2758 1038 2784 24.
1064 2750 1181 2778 Codd.:
1204 2750 1298 2785 leges.
1367 2748 1417 2777 30.
1445 2748 1544 2776 Codd.
1565 2748 1593 2775 iu
1622 2755 1736 2783 marg:
1758 2747 1815 2774 Ro-

501 2804 590 2824 mana
610 2796 735 2824 ecclesia
755 2797 830 2832 quid
849 2799 901 2824 est.

577 2893 625 2924 16.
654 2893 738 2935 Cap.
764 2893 871 2926 xxv.
