2078 3338
254 261 330 298 168
969 268 1200 300 JOHANle
1226 267 1412 300 WYCLlF
1634 255 1744 310 [CAP.
1764 265 1847 294 vm.

532 379 747 426 tempore
781 372 1105 426 apostolorum
1137 377 1186 412 et
1217 371 1295 412 diu
1325 377 1436 425 post
1464 385 1560 412 non
1587 371 1674 412 fuit
1696 372 1852 412 Roma

535 442 698 483 civitas
732 440 1071 493 christianismi,
1094 441 1173 481 vel
1194 440 1381 494 plenius
1415 440 1578 481 civitas
1602 453 1853 494 synagoge

534 513 742 562 sathane,
794 525 900 551 cum
949 511 1205 564 imperator
1257 516 1303 550 et
1354 510 1499 550 maior
1541 524 1650 564 pars
1687 510 1855 564 populi

533 582 686 622 fuerat
717 581 931 634 infidelis,
965 594 1074 634 ymo
1107 586 1158 620 ut
1191 581 1398 620 declarat
1424 580 1638 621 dominus
1660 581 1856 622 Ardma-

535 664 677 692 canus
721 651 842 691 libro
877 650 1016 706 {VIL
1069 663 1167 703 cap.
1213 650 1334 690 XVI
1385 650 1461 690 De
1515 649 1855 702 Questionibus
1898 654 1980 687 202d

533 722 860 773 Armenorum‚
894 720 952 760 ad
983 725 1161 760 tantum
1192 720 1459 760 restrictum
1493 725 1567 760 est
1587 720 1855 759 Romanum

534 790 793 844 imperium,
825 793 874 830 ut
905 801 993 831 non
1025 791 1173 830 solum
1205 791 1401 842 imperio
1434 790 1598 842 Magni
1633 788 1773 831 Canis
1803 790 1857 828 de

538 859 723 912 Cathay,
754 860 833 900 sed
863 860 999 899 modo
1031 859 1221 911 iusuper
1251 859 1446 911 imperio
1469 858 1737 907 Persarum,
1770 859 1856 898 im-

530 931 663 983 perio
702 929 874 982 Usbecle7
914 930 1109 982 imperio
1145 927 1338 969 Soldam'
1390 932 1429 968 et
1459 929 1654 981 imperio
1688 928 1856 967 barba—

536 1012 699 1040 rorum
727 1000 786 1039 sit
816 1000 972 1039 minor
994 997 1198 1038 dominio
1222 997 1435 1049 seculari,
1468 1010 1577 1051 ymo
1602 997 1857 1036 secundum
1882 1014 1918 1034 10

535 1068 819 1109 relacionem
836 1081 1008 1119 eorum,
1026 1067 1105 1120 qui
1118 1073 1323 1107 remotas
1338 1066 1586 1108 visitarunt
1609 1071 1861 1118 contratas,

539 1144 647 1179 sunt
668 1138 811 1178 multe
837 1137 1066 1190 civitates,
1092 1150 1184 1190 que
1207 1137 1412 1177 Romam
1437 1141 1711 1189 exuperant.
1744 1135 1860 1175 Ideo

298 1219 400 1247 There
420 1225 471 1245 are
537 1208 707 1261 procul
740 1221 765 1247 a
797 1206 1039 1258 catholico,
1077 1213 1128 1247 ut
1160 1206 1285 1247 dicat
1320 1207 1476 1246 locum
1509 1205 1638 1245 illum
1670 1205 1748 1245 vel
1779 1218 1860 1258 po-

247 1262 382 1317 emiifaess
402 1257 518 1316 {gagatem
537 1278 699 1331 pulum
731 1276 1035 1328 necessitate,
1070 1283 1120 1317 ut
1153 1276 1409 1329 episcopus
1438 1288 1550 1315 suus
1573 1274 1634 1315 sit
1656 1274 1861 1327 optimus

281 1324 446 1421 Tlizoman.
539 1360 721 1400 sequax
750 1346 932 1387 Christi.
964 1346 1026 1386 Et
1055 1346 1164 1386 ideo
1196 1345 1317 1385 infra
1348 1345 1462 1385 dicit
1494 1343 1708 1384 dominus
1741 1344 1917 1383 Ard-15

255 1401 515 1463 sepaffassiepircgm
537 1429 756 1457 macanus
795 1429 893 1469 cap.
926 1414 1118 1456 XVIII:
1159 1415 1288 1468 Mihi,
1325 1413 1490 1467 inquit,
1531 1415 1708 1454 videtur
1744 1414 1864 1465 quod

293 1464 481 1534 {ibeniifi'fflg
532 1491 736 1540 papatus
773 1489 812 1527 et
843 1486 1136 1538 pontificatus
1166 1485 1407 1526 Romanus
1442 1497 1531 1524 uon
1562 1484 1628 1524 sic
1660 1495 1862 1523 connec-

538 1562 700 1597 tuntur
732 1556 843 1609 quin
879 1569 940 1595 ex
973 1569 1113 1595 causa
1142 1554 1365 1595 racionali
1397 1559 1620 1607 poterunt
1644 1551 1862 1605 separari.

539 1626 600 1666 Et
623 1625 926 1666 conformiter
947 1624 1129 1666 tollitur
1151 1624 1360 1665 secunda
1379 1623 1521 1675 racio,
1557 1636 1648 1676 qua
1668 1621 1864 1674 fingitur

540 1697 668 1749 quod
712 1695 759 1735 in
804 1694 959 1748 capite
1001 1694 1174 1746 mundi,
1219 1693 1301 1735 ubi
1339 1698 1414 1733 est
1450 1691 1715 1746 generalior
1748 1704 1860 1731 con·
1879 1708 1922 1730 20

538 1764 693 1805 fluxus
724 1764 903 1818 populi,
935 1763 1172 1818 reciperet
1203 1764 1308 1817 ipse
1342 1762 1579 1803 efficacius
1603 1760 1861 1801 doctrinam

257 1847 346 1875 With
366 1846 428 1874 this
449 1846 519 1873 fans
541 1834 712 1875 Christi
755 1841 800 1875 et
845 1835 1198 1888 exemplaretur
1240 1833 1415 1887 apcius,
1460 1832 1698 1887 quomodo
1740 1830 1858 1883 prin-

274 1882 326 1909 the
347 1882 414 1916 plea
435 1882 498 1908 that

262 1915 515 1986 tiffetgssrcgaypiffild
543 1906 674 1958 cipes
706 1904 910 1945 Romani
953 1904 1111 1944 forent
1144 1903 1329 1944 Christo
1375 1902 1592 1954 subiecti,
1635 1914 1725 1940 nec
1767 1913 1862 1940 non

263 1995 350 2014 more
369 1974 691 2024 influence-tercio
723 1974 831 2014 fons
864 1974 976 2014 cleri
999 1973 1243 2014 assisteret
1271 1973 1392 2013 fonti
1414 1971 1636 2013 secularis
1660 1969 1862 2020 dominii,

250 2020 529 2083 foghtehbffifflnot
543 2049 593 2083 ut
608 2043 777 2084 milicia
792 2043 903 2084 cleri
919 2045 1209 2093 corroboret,
1226 2048 1274 2083 et
1290 2043 1442 2083 clerus
1452 2040 1745 2095 principibus
1755 2052 1862 2079 con·
1880 2046 1919 2078 25

543 2114 665 2154 sulat
688 2120 735 2154 et
752 2120 890 2167 regat
911 2113 1169 2153 secundum
1192 2111 1489 2165 evangelium
1511 2111 1653 2151 Ihesu
1678 2108 1862 2150 Christi.

600 2183 697 2223 Ista
734 2188 888 2223 autem
925 2183 1102 2236 triplex
1138 2181 1310 2222 ficticia
1345 2194 1440 2221 non
1475 2186 1546 2220 est
1576 2178 1717 2231 racio,
1756 2178 1865 2231 quia

541 2252 590 2292 in
620 2258 721 2293 toto
755 2252 966 2292 continet
1003 2251 1288 2305 oppositum.
1332 2250 1450 2291 Nam
1482 2250 1625 2299 Nero,
1658 2249 1864 2301 Dyocle·

545 2321 704 2362 cianus
723 2327 771 2362 et
792 2335 944 2374 genus
966 2328 1269 2375 tyrannorum
1292 2318 1653 2360 succedencium
1674 2318 1864 2357 fuerunt

543 2390 773 2444 precipua
816 2391 1069 2442 obstacula,
1114 2403 1258 2443 quare
1301 2403 1397 2429 non
1441 2390 1660 2429 currebat
1701 2387 1748 2427 in
1785 2387 1863 2427 im·
1880 2395 1923 2427 30

544 2460 678 2514 perio
725 2460 1021 2513 evangelium
1055 2465 1102 2500 et
1132 2461 1212 2499 lex
1245 2459 1430 2512 Christi,
1474 2458 1594 2499 sicut
1631 2462 1764 2510 patet
1803 2470 1865 2496 ex

545 2530 670 2570 notis
714 2529 928 2580 cronicis,
972 2543 1083 2582 ymo
1117 2527 1453 2569 Constantinus
1492 2527 1754 2567 succedens
1787 2539 1863 2565 ve-

618 2731 646 2759 7.
671 2724 765 2751 Canis
785 2736 816 2747 Ξ
836 2724 969 2758 (Khan).
1043 2725 1071 2753 8.
1093 2724 1209 2752 Codd.:
1236 2724 1365 2759 Catnay.
1388 2723 1566 2757 (Cathay=
1580 2729 1709 2757 regnum
1724 2720 1865 2754 Sinese)

547 2778 575 2805 9.
601 2770 711 2798 Usbotlz
730 2770 760 2797 in
783 2771 851 2798 cod.
929 2770 972 2799 18.
994 2772 1086 2805 quin;
1105 2771 1213 2799 codd.:
1236 2770 1370 2805 quando.

620 2842 648 2875 5.
676 2842 727 2874 Cf.
755 2843 900 2874 Summa
941 2842 1072 2873 dommi
1106 2842 1292 2873 Armacani
1332 2842 1365 2872 in
1405 2840 1654 2879 Questionibus
1692 2839 1865 2870 Armeno-

549 2910 625 2931 rum
651 2901 722 2941 Vll,
755 2899 792 2932 16
820 2900 880 2932 fol.
908 2900 966 2931 XL
983 2900 1058 2931 VIII
1089 2900 1184 2931 Paris
1216 2900 1293 2932 1511
1329 2899 1382 2940 (R.
1411 2899 1448 2932 L.
1476 2897 1611 2937 PooIc).
