2078 3338
239 276 326 305 CAP.
347 267 401 319 X.]
633 277 692 309 DE
720 275 1000 308 POTESTATE
1027 275 1154 307 PAPE.
1760 273 1839 312 249

239 388 383 423 tatem
415 394 499 422 sue
533 380 816 431 substancie,
850 385 899 421 et
930 380 997 421 sic
1030 380 1088 420 de
1121 379 1299 420 neutris
1327 378 1554 420 similibus

238 457 430 494 tenetur
461 453 548 492 sub
580 464 704 505 pena
734 450 942 490 mortalis
975 450 1089 490 illud
1120 449 1368 503 perficere;
1411 454 1458 489 et
1488 448 1555 489 sic

238 536 331 563 uno
378 521 676 575 precipiente
716 520 812 560 suis
846 520 974 573 quod
1012 533 1107 560 non
1138 519 1330 560 veniant
1362 519 1420 559 ad
1453 532 1554 559 con-

241 592 393 633 cilium
437 591 675 644 generale,
722 595 768 630 et
814 589 903 630 alio
949 589 1246 643 precipiente
1286 589 1382 630 suis
1427 588 1555 642 quod

207 662 443 713 §veniant,
478 661 556 701 diu
588 660 712 700 foret
745 664 993 713 antequam
1023 664 1153 700 esset
1175 665 1423 712 utrumque
1447 671 1553 699 con-

241 732 392 773 cilium
439 735 790 785 congregatum.
842 729 982 770 Unde
1020 729 1224 769 medium
1265 727 1554 782 empericum
1603 745 1751 808 Ii1¹¹⁰u¹⁶0¹1
1769 744 1806 772 be

1605 789 1637 808 35
1664 789 1730 808 ame
1773 784 1803 807 [O

239 802 364 842 foret
404 801 461 841 ad.
499 800 823 853 temptandum
862 799 1114 852 religiosos
1159 799 1238 852 qui
1277 798 1344 839 sic
1379 797 1553 851 magni·
1580 815 1664 843 shew
1685 815 1836 854 miselfat

239 872 380 912 ficant
413 884 539 911 suam
564 868 902 918 obedienciam,
936 868 975 909 si
1004 870 1263 922 loquuntur
1295 881 1355 908 ex
1389 867 1555 916 animo,
1606 849 1812 920 ffgffciofisshssidl

241 941 366 994 quod
399 953 523 993 papa
556 952 667 980 suus
699 938 934 992 precipiat
972 938 1061 979 ista
1092 944 1270 979 neutra.
1304 938 1365 978 Et
1391 950 1558 977 revera
1602 919 1769 982 obefflffie
1790 953 1819 981 ῃ]

188 1032 225 1052 10
242 1024 333 1064 ego
379 1010 730 1050 verecundarer
771 1009 818 1049 in
857 1008 1046 1050 Oxonia
1090 1014 1232 1062 caput
1276 1009 1474 1062 erigere,
1520 1006 1559 1047 si
1602 989 1810 1018 tnescnools.

238 1079 375 1120 istam
407 1078 694 1119 sentenciam
728 1079 786 1118 de
808 1077 1087 1119 obediencia
1112 1077 1159 1118 in
1192 1078 1334 1119 scolis
1365 1076 1557 1132 publice

241 1149 559 1190 seminassem.

297 1219 385 1259 Est
421 1217 567 1272 igitur
605 1222 831 1258 tractatus
874 1216 1012 1259 istius
1057 1216 1236 1258 articuli
1278 1216 1558 1269 cuicumque

238 1288 368 1329 fideli
389 1286 683 1328 necessarius
708 1292 756 1327 et
788 1286 1057 1340 specialiter
1087 1285 1166 1327 isti
1199 1285 1422 1340 opinioni,
1456 1298 1558 1325 cum

188 1368 223 1400 15
242 1357 355 1398 dicit
386 1371 436 1398 se
471 1370 578 1398 esse
600 1358 861 1397 membrum
891 1356 1084 1410 dyaboli
1117 1361 1165 1396 et
1193 1356 1282 1397 nisi
1308 1355 1560 1409 resipiscat

242 1427 601 1480 dampnandum,
634 1426 723 1466 nisi
748 1426 972 1466 adhereat
995 1439 1108 1466 vero
1141 1439 1289 1479 pape;
1325 1430 1373 1466 et
1392 1438 1560 1465 revera

241 1510 330 1550 pro
377 1497 619 1549 querendo
664 1495 830 1536 minori
872 1497 1001 1536 bono
1048 1509 1185 1549 quam
1238 1500 1310 1536 est
1360 1507 1559 1548 regnum

244 1567 467 1616 celorum,
507 1571 554 1607 et
590 1565 910 1620 profugiendo
942 1565 1109 1606 minori
1154 1566 1275 1605 malo
1317 1577 1453 1618 quam
1488 1569 1562 1605 est
1619 1618 1625 1623 ἢ
1671 1583 1755 1621 ¹Hfflf

244 1635 520 1690 dampnacio
553 1636 786 1689 gehenne,
820 1636 954 1675 daret
986 1648 1178 1689 operam
1207 1635 1264 1675 ad
1288 1634 1561 1675 scrutinium
1596 1618 1835 1681 (ἓέᾞέῑῗέῗὲῗῑ

186 1726 228 1748 20
246 1705 468 1755 veritatis,
527 1718 635 1759 ymo
690 1710 938 1758 antequam
995 1704 1332 1745 scandalizaret
1382 1709 1562 1745 tanturn
1637 1688 1792 1723 eternany.

244 1788 488 1816 numerum
535 1775 593 1815 de
640 1774 856 1815 exercitu
902 1774 1170 1824 christiano,
1224 1780 1321 1814 tum
1375 1779 1563 1828 oportet

247 1858 330 1885 eos
364 1845 537 1895 dicere,
578 1845 706 1898 quod
737 1844 883 1885 maior
914 1857 1024 1897 pars
1057 1845 1135 1884 vel
1168 1843 1301 1898 quasi
1331 1843 1562 1885 medietas

247 1913 579 1955 christianismi
622 1914 785 1954 relicta
818 1913 879 1955 sit
915 1927 1002 1967 per
1046 1927 1188 1954 unum
1220 1913 1562 1954 Antichristum

245 1984 444 2038 perdita.

189 2064 228 2097 25
303 2052 538 2094 Noticiam
573 2052 720 2106 igitur
751 2052 853 2093 veri
884 2066 1009 2106 pape
1048 2052 1339 2093 discuterent
1373 2058 1421 2094 et
1451 2057 1565 2107 post

245 2122 466 2164 noticiam
509 2136 673 2163 verum
705 2136 876 2176 papam
917 2122 1149 2177 eligerent
1204 2135 1258 2162 ac
1296 2135 1383 2176 pro
1418 2123 1563 2163 salva-

247 2193 384 2233 cione
417 2192 489 2233 sui
522 2199 568 2233 et
599 2193 766 2246 populi
788 2192 1037 2233 veritatem
1069 2192 1340 2233 catholicam
1371 2192 1564 2246 publice

245 2262 567 2316 predicarent3
621 2262 729 2302 ideo
782 2263 859 2302 vel
912 2269 1019 2302 sunt
1072 2275 1245 2316 segnes
1296 2262 1564 2302 infidelibus

127 2343 209 2375 223⁰
245 2331 499 2386 nequiores
550 2333 628 2372 vel
691 2334 891 2373 credunt
951 2332 1240 2373 sentenciam
1275 2331 1279 2386 Ι
1315 2346 1443 2373 suam
1506 2332 1564 2371 de

190 2413 231 2445 30
248 2402 527 2442 obediencia
560 2415 664 2443 esse
696 2402 927 2442 ficticiam.
979 2402 1085 2454 Ego
1132 2408 1285 2443 autem
1325 2403 1468 2443 credo
1504 2415 1564 2442 ex

246 2471 534 2513 necessitate
564 2471 720 2512 divina
749 2472 1036 2513 sentenciam
1063 2485 1200 2525 quam
1224 2472 1322 2513 dixi
1347 2471 1564 2526 superius

249 2554 355 2582 esse
387 2540 606 2582 fidelibus
637 2541 895 2582 instancius
929 2542 1259 2594 detegendam,
1292 2547 1344 2582 ut
1372 2541 1410 2583 si
1432 2541 1564 2582 Deus

248 2610 465 2662 voluerit,
486 2611 654 2652 fideles
677 2616 954 2651 moveantur
977 2611 1275 2652 dotacionem
1303 2612 1563 2661 destruere,

249 2693 342 2734 que
381 2686 456 2722 est
491 2679 627 2721 radix
663 2680 799 2721 istius
830 2694 1001 2735 magne
1033 2681 1250 2723 versucie
1282 2682 1361 2721 vel
1399 2681 1565 2721 saltem

192 2750 497 2803 35primatum
530 2763 774 2791 cesareum
805 2750 956 2791 minus
990 2752 1245 2792 attendere.

308 2818 513 2873 Oportet
543 2819 688 2875 igitur
719 2821 925 2870 studere,
960 2834 1021 2860 ex
1053 2834 1146 2874 quo
1175 2820 1312 2876 signo
1337 2820 1564 2860 debemus

250 2902 540 2943 cognoscere
578 2903 741 2930 verum
785 2903 969 2943 papam,
1016 2903 1120 2931 cum
1160 2889 1354 2940 eleccio,
1402 2888 1562 2942 opinio
