2078 3338
208 268 298 296 CAP.
312 256 384 315 vr]
599 270 658 302 DE
686 270 967 303 POTESTATE
993 271 1126 303 PAPE.
1732 275 1808 316 127

203 376 370 428 traria,
403 387 506 416 cum
537 376 725 429 ipsemet
755 376 879 416 docet
898 376 1054 417 Matth.
1085 375 1182 428 VII,
1214 376 1268 416 15
1299 378 1526 418 attendere

204 458 235 486 a
253 445 401 498 falsis
424 446 658 499 prophetis
690 459 740 486 ex
758 445 994 498 fructibus
1024 446 1354 499 cognoscendis,
1393 446 1526 487 aliter

207 515 329 556 enim
371 515 642 556 necessario
696 521 884 557 cecaret
933 517 1098 570 laycos
1152 516 1210 556 ad
1244 516 1524 557 elemosinas

206 598 313 625 suas
344 585 627 626 Antichristi
652 586 895 640 discipulis
917 586 1185 640 improvide
1207 586 1524 640 par-ciendum.

174 665 189 698 5
207 654 381 696 Contra
403 656 661 695 secundum
683 661 817 709 patet
839 657 968 710 quod
981 661 1219 710 repugnat
1239 655 1397 709 priori,
1422 670 1525 697 cum
1539 665 1569 694 If
1585 667 1634 693 the
1656 674 1727 694 man
1749 666 1809 694 and

83 738 159 778 1920
205 730 317 765 tunc
361 724 511 765 omnis
557 725 756 766 clericus
801 726 926 766 foret
966 725 1198 766 infinitum
1226 726 1230 779 ί
1259 726 1527 779 perfeccior
1540 702 1716 799 οιξὲδςῗῐεέῗ
1729 710 1819 798 ἓξὲξ-ῖς

206 808 344 849 quam
363 795 550 848 laycus;
574 796 703 848 quod
726 795 815 836 soli
837 795 1024 836 Christo
1046 801 1209 849 potest
1232 801 1525 849 competere;
1566 775 1789 877 ὧξὲἕῃρέἑῗξὲτ

203 864 374 905 iterum
407 864 556 904 omnis
587 866 728 905 homo
751 866 829 906 vel
852 866 1049 919 angelus
1069 872 1281 906 maneret
1304 866 1527 906 continue
1559 876 1791 938 Moffljreearnihe

203 935 251 975 in
283 935 452 975 eodem
483 939 622 985 statu,
656 934 780 976 sicut
809 940 966 976 manet
990 940 1262 976 constanter
1283 935 1332 976 in
1365 936 1528 976 eadem
1561 950 1635 973 state
1656 946 1690 973 of
1707 953 1795 981 every

153 1027 191 1047 10
203 1004 499 1055 humanitate,
532 1009 581 1045 et
613 1004 681 1045 sic
712 1005 866 1045 nullus
900 1010 1049 1046 status
1082 1011 1252 1059 posset
1278 1006 1424 1047 maius
1449 1012 1529 1048 aut
1543 981 1704 1043 maxriroffii
1718 981 1818 1043 baengel

205 1075 356 1115 minus
380 1075 640 1129 suscipere.
672 1075 734 1115 Et
756 1075 924 1116 iterum
952 1075 1135 1129 periret
1156 1082 1306 1117 status
1333 1083 1380 1117 et
1412 1076 1527 1117 chri·
1558 1051 1802 1086 unchangeable.

205 1145 461 1186 stianorum
485 1145 745 1197 distinccio,
778 1159 888 1199 ymo
911 1151 1112 1199 propter
1144 1159 1302 1187 casum
1323 1146 1529 1187 Luciferi

204 1229 300 1256 non
340 1215 470 1256 foret
512 1220 662 1257 status
709 1217 985 1270 angelorum
1018 1216 1239 1269 deterior,
1282 1216 1373 1257 nisi
1403 1216 1528 1258 forte

207 1285 387 1326 dicatur
419 1286 550 1339 quod
593 1290 743 1326 status
788 1285 849 1327 sit
882 1285 1081 1339 qualitas
1129 1286 1278 1327 anime
1311 1287 1387 1327 vel
1418 1296 1527 1340 pec-

152 1365 189 1398 15
207 1361 370 1397 catum.
404 1355 522 1396 Ideo
558 1361 739 1396 certum
762 1361 836 1396 est
868 1356 993 1410 quod
1016 1361 1165 1397 status
1193 1356 1326 1397 iuxta
1357 1357 1528 1397 metha-

204 1425 432 1479 phisicam
476 1425 711 1479 scripture
743 1425 1037 1467 verissimam
1077 1432 1151 1467 est
1189 1426 1528 1480 denominacio‚

209 1509 301 1549 qua
349 1501 515 1536 natura
564 1495 813 1537 racionalis
867 1496 1036 1538 dicitur
1091 1497 1353 1538 formaliter
1405 1503 1530 1541 stare

204 1570 431 1619 respectu
461 1565 568 1606 finis
600 1565 763 1618 ultimi,
797 1572 845 1607 et
877 1566 944 1607 sic
975 1566 1024 1606 in
1054 1567 1244 1608 homine
1267 1567 1434 1621 aliquis
1457 1573 1532 1609 est

205 1641 354 1677 status
400 1635 629 1689 corporis,
676 1636 844 1690 aliquis
885 1642 1034 1678 status
1080 1637 1231 1678 anime
1277 1644 1325 1678 et
1363 1637 1528 1692 aliquis

147 1725 189 1747 20
204 1705 421 1754 mixtum;
456 1705 621 1760 aliquis
657 1706 803 1747 eciam
836 1712 911 1747 est
933 1712 1083 1748 status
1113 1708 1270 1761 quoad
1301 1722 1458 1749 mores
1482 1714 1530 1749 et

207 1775 371 1829 aliquis
395 1777 555 1829 quoad
585 1775 704 1817 ritus
736 1777 816 1818 vel
846 1776 1139 1830 religionem,
1173 1777 1339 1831 aliquis
1370 1778 1530 1820 totalis

207 1852 254 1887 et
286 1845 452 1900 aliquis
496 1846 726 1900 parcialis.
778 1847 920 1887 Unde
954 1848 1013 1888 de
1051 1853 1176 1889 statu
1215 1848 1450 1902 corporali
1482 1854 1530 1890 et

206 1921 331 1957 statu
380 1916 570 1957 mentali
618 1917 841 1958 racionali
905 1919 983 1958 vel
1043 1918 1229 1972 integra
1289 1919 1530 1960 individua

205 1992 371 2040 potest
433 1985 635 2040 intelligi
684 1987 798 2027 illud
851 1987 974 2030 Yob.
1026 1988 1152 2028 XIII
1204 1990 1333 2042 quod
1387 1990 1526 2030 homo

150 2067 190 2100 25
205 2055 516 2097 miserabilior
546 2057 707 2110 lapsus
740 2071 978 2111 nunquam
1001 2057 1049 2098 in
1077 2058 1245 2098 eodem
1267 2063 1391 2099 statu
1422 2072 1528 2112 per-

205 2132 363 2167 manet
396 2126 630 2179 continue,
662 2141 768 2167 nam
801 2128 1061 2168 secundum
1093 2133 1265 2169 statum
1295 2128 1530 2182 integrum

206 2196 422 2250 variatur,
459 2202 512 2237 ut
540 2202 676 2250 patet
708 2198 767 2237 de
814 2202 952 2250 etate,
990 2198 1049 2238 de
1088 2211 1270 2238 morum
1300 2198 1529 2239 varietate

208 2272 256 2307 et
299 2268 358 2307 de
404 2267 775 2308 circumstanciis
819 2273 992 2309 statum
1031 2267 1392 2321 integrantibus,
1438 2282 1530 2321 que

208 2337 518 2378 communiter
548 2337 804 2385 variantur;
844 2344 1003 2378 manet
1034 2344 1190 2378 tamen
1222 2338 1348 2378 idem
1380 2343 1529 2379 status

151 2421 192 2453 3¹0
208 2408 466 2449 communis
500 2413 547 2449 et
576 2408 831 2449 individuis
864 2409 1148 2450 successivis
1179 2410 1430 2451 intercisus
1450 2411 1529 2451 vel

209 2477 470 2522 continuus.

264 2547 339 2587 Ex
381 2548 483 2589 istis
526 2549 671 2603 logici
704 2549 959 2590 sollicitant
990 2564 1042 2591 se
1094 2551 1222 2603 quod
1260 2550 1529 2592 continuum

209 2618 508 2670 componitur
532 2632 593 2659 ex
613 2633 709 2660 non
733 2620 933 2673 quantis,
969 2634 1074 2661 cum
1106 2625 1256 2661 status
1281 2621 1527 2662 continuus

208 2686 330 2728 sicut
391 2693 490 2729 etas
541 2702 630 2742 per
677 2689 964 2737 indivisibile
1004 2691 1082 2730 vel
1127 2691 1219 2731 duo
1265 2696 1342 2732 aut
1394 2696 1526 2745 quot-

278 2825 305 2854 5.
329 2825 448 2854 Codduz
468 2827 607 2854 tercium.
683 2835 723 2854 11.
746 2827 867 2855 Godd.:
886 2830 987 2855 status
1007 2828 1260 2857 christianorum.
1336 2827 1381 2856 15.
1410 2828 1465 2856 AB
1495 2828 1526 2856 in

207 2880 323 2908 marg.:
352 2872 460 2900 Status
488 2873 620 2900 hominis
648 2873 724 2908 quid
750 2876 807 2901 est.
892 2873 940 2903 30.
972 2874 1131 2902 intricz'sus
1150 2874 1179 2901 in
1202 2874 1294 2902 codd.
1380 2873 1431 2905 32.
1452 2874 1474 2901 B
1495 2875 1526 2903 in

208 2927 325 2954 marg:
343 2919 438 2948 Nota.
