2078 3338
265 1563 290 1589 It
310 1563 336 1590 is
358 1563 541 1598 blasphemy

267 1604 297 1625 to
318 1606 372 1634 say
391 1600 455 1626 that
471 1599 539 1626 God

300 1634 446 1661 confirms
467 1634 503 1661 all

278 1668 353 1694 laws
375 1669 463 1695 made
485 1669 522 1704 by

320 1703 369 1730 1110
390 1712 480 1739 pope.

999 278 1223 310 *IOHANNIS
1250 278 1435 310 WYCLIF
1677 266 1783 317 [CAP.
1808 274 1865 302 ΧΠ

561 383 681 423 enim
714 382 907 436 vulpina
945 396 1061 436 sepe
1099 381 1286 435 preficit
1316 381 1467 421 minus
1501 381 1684 435 dignOS.
1734 381 1874 421 Unde

561 451 765 505 apostoli
796 465 891 491 non
924 452 1160 491 audebant
1197 464 1286 491 nec
1319 456 1579 504 potuerunt
1630 450 1751 491 sicut
1787 464 1875 490 nec

560 521 773 563 Christus
807 521 946 561 talem
977 522 1134 573 legem
1167 525 1390 561 statuere.
1436 519 1551 560 Ideo
1588 519 1678 560 ista
1708 524 1876 560 vocata

558 593 638 631 lex
663 596 735 632 est
757 590 1050 641 Antichristi,
1085 590 1164 643 qui
1187 591 1411 631 extollitur
1441 602 1576 643 super
1598 602 1730 630 omne
1760 591 1877 642 quod

558 663 726 702 dicitur
756 661 891 702 Dens.
935 660 1147 701 Christus
1182 659 1304 700 enim
1337 673 1432 700 non
1463 664 1627 713 potest
1660 673 1721 699 ex
1753 659 1908 702 nuda5

557 730 831 784 prelacione
863 730 1088 771 momenti
1120 729 1363 783 temporis,
1398 742 1459 769 ex
1492 728 1655 769 callida
1685 741 1877 782 presen-

558 800 744 841 tacione
788 800 935 853 priori
976 799 1246 840 collacionis
1278 798 1462 852 papalis
1495 811 1585 838 nec
1620 812 1681 838 ex
1711 798 1878 839 iterata

559 869 801 910 eleccione
846 883 962 922 sepe
1006 869 1175 909 frivola
1221 868 1414 922 capituli
1459 867 1765 921 acceptantis,
1812 867 1876 907 in-

559 945 719 993 eptum
757 939 931 979 virtute
975 952 1260 992 preponere,
1305 938 1391 978 sed
1436 942 1628 991 oportet
1671 936 1876 987 omnino,

559 1010 686 1062 quod
729 1008 807 1049 ille
864 1022 1003 1062 quem
1037 1008 1247 1049 Christus
1280 1008 1358 1048 vel
1400 1008 1480 1047 lex
1524 1020 1608 1047 sua
1638 1007 1934 1060 preeligit,10

559 1078 618 1119 sit
662 1079 819 1131 quoad
863 1079 1020 1118 Deum
1069 1078 1244 1118 virtute
1288 1076 1597 1131 prestancior.
1657 1076 1719 1116 Et
1767 1076 1875 1116 hinc

559 1148 764 1201 apostoli
795 1161 888 1188 non
920 1152 1315 1201 presumpserunt
1335 1147 1413 1187 Vel
1440 1147 1597 1199 legem
1621 1145 1875 1186 eleccionis

558 1222 766 1258 statuere
811 1218 888 1257 vel
919 1217 1142 1258 Mathiam
1187 1217 1379 1270 eligere,
1423 1216 1510 1256 sed
1545 1215 1877 1255 commiserunt

556 1287 644 1327 hec
691 1287 849 1327 divino
891 1286 1080 1337 iudicio,
1127 1291 1178 1326 ut
1221 1291 1354 1339 patet
1385 1286 1491 1326 Act.
1524 1285 1557 1327 Ι.
1609 1284 1687 1326 Sic
1721 1290 1875 1324 autem

556 1356 735 1397 faceret
765 1370 903 1410 papa,
938 1370 1040 1396 cum
1072 1369 1160 1409 pro
1194 1361 1296 1396 toto
1329 1355 1503 1395 mundo
1526 1368 1621 1395 non
1648 1358 1876 1394 statueret
1896 1363 1931 1395 15

555 1428 712 1479 legem
743 1425 960 1466 iniustam
992 1425 1071 1465 vei
1104 1424 1417 1465 committeret
1448 1429 1697 1478 peccatum
1730 1423 1875 1464 eciam

555 1496 754 1536 veniale.
806 1495 893 1536 Est
936 1501 1090 1536 autem
1133 1495 1277 1535 maior
1319 1494 1567 1535 blasfemia
1604 1499 1877 1534 constanter

556 1579 807 1615 asserrere,
847 1566 976 1619 quod
1016 1578 1072 1605 eo
1104 1565 1211 1618 ipso
1264 1577 1358 1618 quo
1391 1577 1516 1618 papa
1545 1564 1638 1604 hoc
1677 1562 1877 1618 staltuit
1921 1571 2002 1615 247b

556 1635 703 1676 eciam
736 1641 900 1676 contra
932 1636 1173 1675 decretum
1203 1634 1406 1685 Domini,
1440 1639 1551 1674 tunc
1585 1640 1657 1675 est
1687 1633 1874 1684 iustum,

555 1706 633 1746 vel
665 1706 794 1759 quod
828 1710 1020 1759 oportet
1053 1704 1182 1758 quod
1204 1704 1338 1744 Deus
1375 1705 1728 1744 condescendat
1748 1717 1873 1757 pape
1892 1722 1933 1743 20

558 1781 605 1816 et
634 1776 792 1829 legem
825 1788 1167 1829 quamcumque
1189 1788 1314 1828 pape
1345 1773 1580 1816 iustificet.
1611 1773 1703 1813 Vel
1725 1773 1872 1813 tercio

557 1846 684 1900 quod
735 1846 891 1886 levem
942 1844 1153 1885 iniuriam
1202 1844 1343 1884 homo
1389 1844 1535 1884 debet
1582 1842 1874 1883 committere

555 1920 752 1969 propter
796 1914 941 1955 maius
995 1914 1287 1954 commodum
1331 1913 1441 1953 inde
1486 1926 1705 1966 sequens.
1759 1912 1874 1953 Cum

553 1985 698 2040 igitur
730 1985 887 2038 quoad
933 1997 1096 2024 omnes
1150 1996 1312 2024 causas
1357 1982 1671 2023 terminandas
1703 1995 1790 2036 per
1822 1995 1873 2022 se

555 2054 731 2094 sufficit
751 2054 833 2094 lex
856 2053 1103 2107 scripture,
1127 2054 1366 2106 quomodo
1389 2057 1684 2106 presumeret
1703 2050 1874 2092 Christi
1890 2060 1930 2093 25

554 2124 755 2165 vicarius
818 2125 974 2178 legem
1019 2136 1256 2163 assumere
1299 2127 1392 2163 tam
1455 2121 1659 2175 iniquam
1718 2122 1874 2174 quoad

553 2194 756 2245 iniurias,
792 2198 1146 2234 commoveatur
1177 2197 1376 2245 utraque
1407 2205 1516 2245 pars
1555 2191 1654 2244 pati
1684 2191 1872 2231 iniurias

556 2270 603 2304 et
633 2269 834 2317 propter
864 2263 1127 2316 periculum
1159 2267 1346 2315 tempus
1380 2261 1469 2302 sibi
1490 2261 1737 2303 redimere.
1768 2261 1873 2301 Hoc

555 2339 710 2374 autem
756 2346 816 2373 ex
859 2333 954 2373 fide
1000 2337 1072 2372 est
1115 2331 1280 2371 melius
1314 2344 1450 2384 quam
1486 2330 1708 2371 iudicium
1744 2330 1873 2383 quod

556 2403 820 2444 sentenciat
872 2403 952 2442 lex
1002 2402 1213 2451 humana,
1273 2401 1403 2454 quod
1456 2400 1494 2440 si
1545 2406 1711 2440 neutra
1760 2413 1871 2453 pars
1888 2408 1930 2440 30

554 2473 760 2513 voluerit
793 2472 986 2512 decreto
1003 2470 1194 2511 Domini
1225 2470 1271 2510 in
1304 2470 1474 2510 talibus
1501 2469 1737 2510 humiliter
1761 2483 1871 2510 con-

555 2543 745 2593 sentire,
798 2540 1181 2595 compromittant
1223 2540 1448 2593 ponendo
1494 2552 1545 2579 se
1588 2539 1635 2579 in
1679 2538 1870 2579 arbitrio

552 2611 666 2652 boni
698 2611 785 2652 viri
816 2612 894 2651 vel
939 2611 995 2650 ad
1038 2609 1273 2650 minimum
1304 2608 1571 2649 iudicentur
1613 2608 1871 2648 secundum

552 2683 688 2735 leges
734 2680 896 2720 civiles
942 2680 1063 2720 intra
1106 2678 1366 2729 ecclesiam,
1411 2679 1488 2718 vel
1527 2678 1567 2718 si
1599 2678 1751 2718 omnia
1781 2677 1871 2717 ista

552 2750 808 2800 renuerint,
840 2749 1084 2802 fugiantur
1106 2753 1341 2801 tamquam
1365 2747 1538 2788 ethnici
1562 2754 1610 2787 et
1631 2747 1871 2800 publicani
1886 2753 1925 2787 35

627 2918 669 2937 10.
691 2909 712 2936 B
723 2919 729 2936 :
748 2909 912 2944 preelegit.
