2078 3338
242 257 295 305 48
968 265 1196 297 JOHANNIS
1222 264 1409 297 WYCLIF
1666 250 1775 308 [CAP.
1801 261 1853 288 111.

534 370 652 420 celis,
697 373 735 410 et
779 370 1071 422 quodcunque
1112 370 1301 410 solveris
1348 381 1488 421 super
1531 372 1721 419 terram,
1771 369 1856 408 erit

532 440 733 480 solutum
777 442 816 479 et
858 440 906 479 in
951 439 1067 479 celis.
1120 437 1217 480 Sed
1259 443 1374 491 post
1410 437 1552 479 Math.
1590 437 1763 478 XVIII
1808 443 1856 477 et

532 509 634 560 Joh.
665 509 769 549 XX
814 509 893 549 dat
931 508 1162 562 apostolis
1202 508 1511 548 communiter
1554 513 1856 561 potestatem.

261 587 343 624 Only
363 592 394 627 to
416 589 501 615 Peter
534 577 631 620 Sed
674 592 903 632 nusquam
946 578 1121 631 legitur
1165 578 1213 617 in
1263 577 1495 631 scriptura
1548 577 1677 630 quod
1713 575 1856 616 alteri

243 625 670 702 &sseogssifenaxigffquam
701 648 847 688 Petro
892 647 1023 687 dedit
1054 647 1269 687 dominus
1303 648 1459 687 claves
1495 647 1603 695 celi;
1647 660 1734 699 per
1764 647 1889 688 hoc5

531 717 678 771 igitur
710 718 840 771 quod
870 717 1042 758 Petrus
1088 731 1149 757 ex
1189 716 1547 770 approbacione
1582 715 1756 757 Christi
1786 728 1856 755 re-

534 787 729 841 spondit
771 801 859 840 pro
906 786 1124 827 omnibus
1164 786 1211 827 in
1243 786 1474 840 precipua
1505 785 1704 826 materia
1733 785 1857 836 fidei,

534 871 626 911 que
661 862 734 898 est
765 856 1124 897 fundamentum
1153 856 1383 909 spirituali
1404 855 1668 909 preposito,
1702 860 1750 896 et
1769 869 1858 908 per

532 928 623 968 hoc
656 928 784 980 quod
818 926 1032 967 Christus
1064 931 1244 967 mutato
1283 925 1473 965 nomine
1512 938 1538 965 a
1569 924 1779 978 Symone
1810 925 1857 964 in

533 997 741 1050 Petrum,
787 997 916 1050 quod
958 1009 1133 1036 nomen
1177 995 1414 1036 contraxit
1458 1008 1483 1034 a
1526 1008 1578 1035 se
1613 994 1732 1048 ips0,
1778 994 1916 1048 quim

535 1072 609 1107 est
651 1067 795 1107 Petra
848 1072 895 1106 et
945 1066 1304 1106 fundamentum
1351 1064 1570 1115 ecclesie,
1621 1069 1675 1105 ut
1723 1069 1858 1117 patet

534 1136 569 1177 I.
595 1136 800 1178 Corinth.
823 1136 874 1176 X
899 1142 946 1177 et
967 1136 1002 1178 I.
1027 1135 1235 1176 Corinth.
1258 1134 1342 1187 III,
1372 1134 1562 1175 videtur
1591 1134 1858 1174 concedere

533 1206 679 1247 Petro
714 1207 946 1260 quandam
977 1205 1330 1260 prerogativam
1363 1218 1508 1258 super
1537 1209 1723 1245 ceteros
1747 1217 1857 1258 apo-

535 1277 687 1317 stolos
722 1277 779 1317 ad
806 1276 1067 1330 regendam
1090 1289 1220 1316 suam
1244 1274 1506 1327 ecclesiam,
1539 1288 1591 1314 ac
1615 1274 1654 1314 si
1677 1274 1860 1314 diceret

535 1347 796 1387 secundum
857 1345 1217 1400 exposicionem
1257 1344 1517 1397 Augustini
1559 1344 1636 1384 De
1680 1344 1857 1384 Verbis
1878 1353 1915 1385 15

534 1416 727 1457 Domini
778 1430 994 1457 sermone
1037 1415 1183 1456 XIII:
1237 1415 1343 1468 Ego
1379 1427 1482 1455 sum
1532 1419 1682 1467 petra,
1733 1414 1860 1468 (quia

537 1486 766 1539 Christus)
791 1500 816 1527 a
838 1500 929 1540 qua
960 1492 1012 1527 tu
1036 1499 1086 1526 es
1110 1486 1295 1537 Petrus,
1327 1485 1377 1525 id
1400 1491 1474 1525 est
1504 1484 1781 1525 christianus
1812 1484 1855 1524 in

535 1557 629 1597 fide
661 1557 836 1609 firmus,
866 1556 1151 1597 inmediatus
1184 1555 1277 1595 mei
1308 1555 1524 1607 vicarius,
1557 1567 1702 1608 super
1723 1567 1859 1607 quam

535 1632 730 1680 petram,
763 1640 901 1680 quam
935 1626 1183 1667 confessus
1212 1639 1277 1679 es,
1311 1638 1399 1679 per
1429 1630 1477 1664 te
1510 1630 1562 1664 ut
1592 1624 1859 1677 proximum

537 1697 636 1737 eius
671 1696 970 1751 capitaneum
1000 1696 1212 1736 fundabo
1249 1695 1498 1736 ecclesiam
1531 1707 1693 1736 meam.
1737 1694 1857 1746 Ideo,
1876 1710 1918 1731 20

536 1766 651 1807 dicit
672 1766 984 1820 Augustinus,
1017 1779 1046 1807 a
1062 1770 1200 1820 petra
1222 1769 1384 1819 petrus
1405 1777 1494 1805 non
1518 1777 1547 1805 α
1562 1767 1693 1818 petro
1710 1767 1859 1817 petra,

534 1838 649 1878 sicul
700 1849 730 1877 a
783 1835 960 1878 Christo
1016 1834 1319 1886 Christianus,
1374 1848 1464 1875 non
1518 1847 1547 1875 α
1601 1832 1858 1876 Christiano

540 1906 756 1949 Christus.
790 1907 898 1948 Ideo
929 1920 1069 1960 super
1091 1919 1163 1947 me
1185 1906 1402 1957 edificabo
1427 1905 1661 1946 ecclesiam
1691 1916 1860 1953 meam,

535 1990 625 2018 non
647 1990 789 2030 super
820 1980 871 2027 te,
905 1990 1017 2017 uam
1041 1977 1234 2016 volentes
1256 1976 1473 2027 edificare
1499 1987 1638 2027 super
1657 1974 1862 2014 homiues

536 2048 764 2088 dicebant:
818 2046 914 2099 Ego
963 2047 1148 2098 quidem
1190 2058 1294 2086 sum
1342 2045 1495 2096 Pauli,
1547 2052 1625 2097 ego
1678 2043 1860 2096 quidem
1877 2048 1917 2081 25

535 2117 712 2170 Apollo,
747 2125 826 2169 ego
858 2129 964 2157 vero
990 2115 1145 2169 Cephe,
1177 2117 1256 2156 secl
1287 2115 1521 2168 apostolus
1552 2114 1661 2154 dicit
1691 2126 1737 2153 se
1769 2124 1862 2153 esse

536 2187 722 2239 lapidis,
773 2188 850 2239 qni
901 2190 963 2227 esi
1018 2185 1239 2227 Christus.
1294 2184 1410 2225 Cum
1459 2183 1604 2237 igitur
1648 2181 1861 2223 Christus

536 2256 748 2297 nominat
769 2256 966 2296 Petrum
988 2255 1140 2309 primo
1171 2254 1360 2294 nomine
1394 2267 1495 2307 suo,
1529 2253 1718 2293 videtur
1751 2265 1860 2292 con-

539 2327 712 2367 cedere
754 2325 1055 2379 primitatem,
1093 2325 1203 2365 ideo
1238 2324 1351 2364 dicit
1387 2322 1687 2377 Augustinus
1732 2322 1862 2375 quod

538 2398 820 2449 apostolatus
863 2396 1004 2436 tenuit
1043 2395 1363 2448 principatum
1406 2393 1453 2433 in
1498 2392 1685 2445 signum
1729 2391 1860 2431 cuius
1878 2396 1920 2429 30

537 2465 859 2520 possessionis
878 2470 926 2506 et
939 2463 1294 2518 preeminencie
1309 2462 1471 2504 subdit
1481 2461 1713 2503 Christus:
1731 2459 1859 2501 Dabo

538 2536 617 2576 tibi
648 2540 761 2589 post
783 2540 981 2575 mortem
1003 2547 1154 2574 meam
1178 2534 1325 2574 claves
1347 2533 1537 2585 ecclesie,
1571 2544 1708 2585 quam
1736 2530 1858 2571 forti-

612 2703 655 2731 19.
674 2703 732 2730 per
752 2697 800 2728 te;
819 2694 857 2722 B:
877 2697 976 2729 peter.
1052 2693 1100 2722 28.
1125 2694 1163 2721 B:
1184 2693 1310 2721 Petrum
1329 2687 1424 2720 deest.

615 2778 665 2811 15.
692 2780 740 2810 St.
767 2778 952 2820 Augustini
980 2777 1135 2819 episcopi
1163 2778 1286 2809 Sermo
1306 2776 1445 2808 LXXVI
1468 2776 1510 2806 de
1536 2774 1657 2806 verbio
1685 2774 1856 2815 evangelii

539 2836 660 2869 Matth.
679 2837 768 2875 X1V,
796 2836 887 2878 Opp.
914 2842 999 2867 tom.
1027 2836 1068 2875 V,
1094 2835 1174 2876 415.
1203 2834 1255 2867 Cf.
1283 2834 1399 2866 Hussii
1428 2833 1521 2875 Opp.
1541 2834 1633 2865 210⁸.
1732 2833 1784 2865 30.
1812 2832 1860 2863 St.

539 2896 725 2938 Augustini
750 2896 874 2927 Sermo
902 2895 1040 2927 LXXVI
1066 2893 1124 2926 ubi
1151 2904 1182 2936 p.
1209 2892 1288 2934 416.
