2078 3338
207 291 296 319 CAP.
318 283 415 335 vni]
602 295 660 325 DE
690 294 968 327 poTEsTATE
997 296 1125 329 PAPE.
1738 292 1812 340 185

262 397 427 451 Itaque
448 396 567 438 infra
589 412 931 452 quemcumque
956 400 1274 440 centenarium
1297 414 1522 441 annorum
1601 412 1634 440 In
1656 421 1746 443 everv

203 481 231 507 a
260 471 475 521 tempore
516 468 777 509 dotacionis
811 469 1012 510 ecclesie
1045 469 1169 510 facta
1209 476 1282 511 est
1318 471 1524 510 notanda
1564 452 1796 545 ‘³{111cissrv3'ffissssie

1604 525 1669 545 'lese
1712 527 1766 545 ave

206 537 456 578 contencio
502 537 624 578 inter
666 551 827 591 papas.
894 538 991 580 Sed
1034 540 1205 579 abhinc
1251 553 1311 580 ex
1362 553 1522 592 super·
1557 552 1631 579 been
1652 554 1792 588 quarrels

203 607 493 648 habundanti
536 608 718 648 cautela
761 607 954 661 dyaboli
995 610 1102 662 plus
1149 614 1309 649 cecata
1342 614 1415 649 est
1445 609 1523 649 ini·
1595 588 1762 657 pfggefiffm.

171 677 357 731 5quitas
379 677 672 730 Antichristi,
706 691 808 718 cum
842 682 995 718 autem
1028 679 1233 732 apostoli
1260 679 1526 720 habuerunt

202 747 439 800 planiores
491 747 817 788 revelaciones
871 761 1007 801 quam
1058 749 1296 802 prophete
1348 748 1524 789 veteris

203 817 473 858 testamenti
519 823 566 858 et
609 817 828 858 maiorem
872 818 1022 858 zelum
1064 819 1269 859 habeant
1316 819 1374 858 ad
1418 832 1524 872 pro-

204 886 380 927 fectum
420 887 634 940 ecclesie,
678 902 774 928 non
804 888 917 929 licet
950 888 1224 929 discredere
1274 888 1385 941 quin
1417 901 1523 941 pro-

201 957 514 1010 phetaverant
544 959 632 999 hos
666 963 867 999 eventus
898 958 1155 1012 precipuos
1188 963 1239 998 ut
1265 958 1525 1011 periculum

148 1027 502 1079 10infidelitatis,
546 1027 611 1068 ita
654 1033 705 1068 ut
759 1033 937 1069 tractus
995 1029 1053 1068 ad
1106 1028 1286 1068 inferos
1337 1027 1524 1068 caucius

205 1102 435 1147 caveatur,
468 1096 580 1150 quin
602 1096 794 1137 indubie
817 1097 1013 1138 istorum
1034 1097 1412 1137 antichristorum
1437 1096 1523 1136 dis-

203 1167 361 1208 sensio
396 1166 509 1206 dicit
539 1171 772 1220 patenter,
804 1166 844 1207 si
870 1167 1068 1207 velimus
1102 1168 1362 1219 attendere,
1397 1167 1525 1220 quod

201 1238 376 1291 gradus
421 1241 470 1276 et
511 1236 609 1276 vita
652 1250 814 1276 eorum
860 1237 1144 1290 discordant,
1191 1241 1239 1277 et
1271 1237 1526 1290 displicent

202 1307 298 1348 suis
337 1306 591 1347 autoribus.
643 1306 705 1346 Et
743 1320 882 1347 causa
920 1306 1226 1348 dissensionis
1267 1311 1340 1347 est
1369 1307 1525 1347 honor
1544 1318 1729 1347 Thisstrife
1751 1321 1805 1347 nas

147 1389 184 1421 15
201 1377 462 1417 mundanus
506 1377 584 1417 vel
626 1377 800 1430 globus
844 1377 1186 1431 temporalium,
1239 1376 1348 1430 quia
1392 1376 1525 1417 aliter
1573 1354 1728 1429 Zffissitffi
1744 1359 1780 1417 ‹2⁶ss

201 1460 297 1487 non
327 1446 454 1487 foret
484 1446 623 1486 facile
655 1446 855 1500 fingere,
888 1447 1014 1487 unde
1048 1446 1382 1487 dissenciendo
1417 1460 1522 1487 con·
1608 1432 1737 1451 avamce.

200 1517 398 1556 tendant
439 1515 609 1569 pocius
655 1516 777 1556 circa
820 1516 935 1556 illud
980 1516 1187 1557 officium
1232 1521 1346 1569 post
1393 1516 1521 1556 dota-

202 1585 386 1626 cionem
420 1585 619 1626 ecclesie
652 1599 791 1639 quam
822 1591 1035 1639 perante.

258 1655 334 1695 Ex
379 1655 551 1709 quibus
596 1660 648 1696 ut
691 1669 834 1709 supra
878 1656 1052 1709 colligo
1106 1661 1339 1710 tamquam
1382 1656 1521 1698 michi
1565 1657 1590 1684 Ῑῖ
1610 1657 1636 1684 ³³
1656 1661 1686 1684 10
1707 1658 1782 1684 such

145 1748 187 1768 20
201 1725 463 1779 probabile,
488 1726 616 1779 quod
640 1725 853 1767 Christus
877 1739 1083 1767 summus
1106 1728 1342 1780 propheta
1355 1726 1520 1768 Matth.
1567 1691 1786 1762 Ἓῑῗβξέἔγιὸἓῗ

201 1795 387 1848 XXIV,
421 1808 443 1847 5
479 1795 654 1848 dicens,
699 1796 829 1850 quod
871 1797 1005 1837 multi
1047 1798 1219 1837 venient
1262 1796 1523 1837 innomine
1588 1762 1761 1824 Αῗέὲὲξέ-ιὲἴ

199 1878 294 1917 suo,
333 1866 526 1906 dicentes
561 1879 607 1906 se
645 1879 738 1907 esse
773 1865 991 1917 Christus,
1029 1870 1068 1907 et
1105 1867 1272 1907 multos
1301 1868 1522 1916 seducent,

200 1935 424 1989 intelligit
455 1935 514 1975 de
542 1935 774 1976 Romanis
806 1936 1113 1989 pontificibus
1145 1935 1374 1976 blasfeme
1397 1949 1521 1975 men-

203 2004 449 2058 cientibus,
489 2006 618 2058 quod
657 2011 766 2046 sunt
804 2005 903 2046 eius
936 2005 1111 2059 vicarii,
1146 2019 1267 2059 quos
1300 2005 1524 2046 autorizat

146 2086 185 2118 25
200 2075 259 2115 ad
290 2075 445 2115 taliter
477 2075 820 2117 dominandum.
851 2076 913 2116 Et
945 2075 1012 2116 sic
1044 2077 1231 2117 videtur
1257 2075 1396 2116 michi
1417 2089 1522 2128 pro-

200 2144 358 2185 babile
396 2145 523 2199 quod
572 2146 698 2186 idem
731 2145 790 2186 sit
828 2159 997 2186 sensus
1036 2145 1265 2199 Apostoli
1295 2145 1354 2188 II.
1389 2146 1522 2187 Tess.

201 2215 261 2269 II,
294 2230 331 2268 3,
370 2235 394 2268 4
439 2216 520 2256 ubi
561 2217 833 2270 prophetat,
878 2216 1008 2270 quod
1051 2220 1153 2257 ante
1196 2217 1319 2257 diem
1362 2216 1524 2256 iudicii

201 2289 384 2339 oportet,
416 2287 534 2338 quod
564 2287 714 2327 veniat
744 2287 964 2327 dissensio
994 2286 1203 2339 primum
1237 2289 1276 2326 et
1305 2287 1524 2326 reveletur

200 2358 331 2397 homo
378 2356 563 2409 peccati,
615 2357 693 2408 qui
743 2357 972 2397 extollitur
1020 2368 1159 2409 super
1207 2368 1339 2397 omne
1405 2357 1524 2407 quod

146 2435 188 2467 30
201 2425 369 2466 dicitur
399 2426 537 2467 Dens.
574 2424 673 2466 Sed
703 2426 852 2466 tercio
885 2426 1073 2466 videtur
1103 2425 1244 2465 michi
1274 2425 1522 2478 probabile

202 2496 330 2549 quod
363 2497 592 2536 debemus
626 2497 779 2549 quoad
814 2497 906 2536 hoc
942 2495 1076 2536 inniti
1109 2495 1281 2536 Christi
1314 2495 1523 2547 consilio,

202 2567 330 2618 quod
360 2566 484 2606 facta
514 2566 595 2606 tali
627 2565 858 2606 divisione
896 2565 987 2606 iam
1019 2566 1187 2607 diebus
1219 2564 1393 2606 nostris
1427 2565 1522 2617 qui-

200 2636 399 2676 busdam
431 2635 717 2676 dicentibus:
749 2635 860 2676 Ecce
889 2636 960 2676 lzic
980 2634 1204 2677 Avinione
1231 2638 1293 2676 est
1319 2631 1524 2677 Christus

203 2711 250 2745 et
281 2705 380 2746 aliis
412 2705 691 2756 dicentibus,
735 2706 870 2746 nolite
912 2705 1106 2751 credere,
1152 2704 1259 2758 quia
1295 2702 1518 2760 indubie}

274 2863 318 2882 10.
341 2854 459 2884 Codd.:
482 2856 525 2883 ita
549 2859 586 2883 et.
662 2853 711 2882 28.
733 2854 890 2883 Discessio
910 2855 941 2882 in
968 2854 1104 2891 Vulgate.

276 2923 329 2957 25.
357 2917 451 2948 Huss
479 2914 572 2948 220¹&
