2078 3338
225 266 313 295 CAP.
333 255 402 313 1x.]
625 269 681 300 DE
708 267 989 300 PoTesTATE
1016 270 1145 301 PAPE.
1749 270 1829 309 209

214 386 480 428 exponere.
532 372 764 425 Quantum
808 373 865 413 ad
909 374 1002 414 duo
1041 373 1203 427 prima,
1247 378 1382 426 patet
1414 374 1541 427 quod

223 448 441 498 spectant
485 444 543 484 ad
586 449 831 496 peccatum
877 442 1042 493 carnis,
1089 457 1193 483 cum
1226 448 1450 496 quantum
1483 443 1541 483 ad

222 513 411 554 modum
436 512 721 553 convivandi
743 518 852 553 sunt
873 513 1053 553 macule
1076 512 1123 553 in
1147 514 1399 563 abstracto,
1435 526 1539 553 con·
1572 520 1679 582 {hose
1699 521 1805 560 whose

222 583 386 623 vivant
425 582 547 623 enim
586 582 745 622 mundi
783 582 998 624 dominos
1038 587 1085 622 et
1125 583 1332 623 carnales
1366 582 1540 623 amicos
1555 556 1831 652 forossstffssiiigzissd

191 657 386 693 §contra
418 652 677 693 doctrinam
701 651 872 692 Christi
893 652 1020 692 Luce
1042 652 1179 703 XIV,
1211 666 1393 703 12——141
1426 651 1540 694 Cum
1644 633 1657 652 ⁵
1683 633 1742 653 Μ’

223 723 351 774 facis
392 723 647 774 prandz'mn
691 725 770 763 ant
813 734 985 772 cenam,
1029 723 1122 762 noli
1165 734 1327 762 vocare
1369 723 1543 773 amicos

221 796 321 833 tuos
342 804 479 844 neque
510 795 722 844 cognatos
753 804 889 843 neque
912 792 1083 832 vicinos
1113 804 1251 844 neque
1282 792 1455 842 divites,
1488 804 1542 832 ne

223 862 350 914 forte
394 869 432 903 et
472 862 563 913 ipsi
605 862 843 902 reinvitent
885 865 924 902 te
968 865 1008 902 et
1037 862 1131 914 fiat
1168 862 1248 901 tihi
1285 861 1539 902 retribucio.

225 931 314 973 Sed
355 944 457 972 cum
479 932 611 984 facis
638 932 904 981 convivium,
948 944 1058 972 voca
1094 943 1333 983 pazftperes,
1366 931 1542 981 debiles,

171 1016 209 1037 10
223 1002 422 1052 claudos,
454 1014 587 1054 cecos,
622 1004 660 1042 et
693 1002 846 1042 beatus
878 1002 983 1042 eris.
1018 1000 1153 1041 Istud
1193 1006 1346 1041 autem
1386 1013 1540 1041 serva-

222 1077 353 1112 retur
382 1071 429 1111 in
461 1071 598 1111 nobis
630 1070 892 1124 potissime,
932 1070 1011 1124 qui
1043 1070 1244 1111 vivimus
1279 1071 1337 1110 de
1370 1071 1539 1110 elemo-

224 1140 337 1181 sinis
380 1142 622 1194 laycorum
675 1145 723 1180 et
764 1140 903 1180 bonis
948 1154 1222 1194 pauperum.
1276 1139 1500 1192 Quamvis
1535 1138 1538 1195 Ι

105 1213 185 1248 213''
225 1216 377 1251 autem
407 1210 522 1251 licet
555 1210 822 1260 convivare,
862 1215 958 1250 tam
992 1210 1298 1264 spiritualiter
1329 1209 1541 1250 infirmos

224 1294 361 1334 quam
394 1294 548 1331 sanos,
581 1286 632 1321 ut
664 1280 970 1334 spiritualiter
1003 1280 1281 1321 edificentur
1315 1285 1362 1320 et
1392 1279 1540 1320 reedi-

169 1351 378 1401 15ficent,
423 1351 514 1391 hoc
551 1356 709 1391 tamen
747 1364 840 1391 non
881 1350 1026 1391 debet
1057 1350 1160 1391 fieri
1190 1350 1379 1391 racione
1420 1364 1540 1391 com-

223 1420 351 1461 modi
383 1420 670 1474 temporalis

283 1489 502 1532 Secunda
544 1490 782 1545 gentilitas
830 1496 903 1531 est
946 1490 1111 1540 sessio,
1157 1503 1293 1544 quam
1327 1490 1541 1531 Christus

224 1559 385 1601 docuit
415 1560 463 1600 in
486 1559 611 1600 facto
637 1560 878 1613 aufugere,
913 1561 1100 1613 quando
1123 1559 1171 1600 in
1195 1561 1359 1601 eadem
1382 1560 1541 1600 tabula

224 1635 364 1683 atque
408 1630 662 1684 perapside
713 1630 971 1683 discipulos
1005 1643 1118 1670 suos
1149 1630 1297 1684 pavit,
1331 1635 1382 1670 ut
1408 1635 1542 1683 patet

166 1713 208 1736 20
222 1699 386 1742 Matth.
419 1698 607 1750 XXVI,
648 1700 776 1753 quod
808 1713 903 1739 non
937 1701 1195 1740 observant
1224 1699 1301 1749 hii,
1341 1699 1421 1753 qui
1453 1700 1540 1739 sol-

221 1769 505 1823 lempnizant
538 1769 753 1811 convivia
786 1770 844 1809 de
866 1769 1005 1810 bonis
1029 1783 1291 1822 pauperum
1316 1770 1540 1810 sedentes

223 1839 520 1895 singulariter
552 1845 785 1892 tamquam
816 1852 959 1893 reges
991 1839 1039 1879 in
1072 1839 1203 1882 soliO.

279 1909 341 1950 Et
377 1910 534 1963 quoad
571 1909 768 1950 tercium
807 1908 987 1949 scilicet
1026 1909 1216 1949 modum
1253 1909 1455 1962 prandii:
1489 1908 1540 1950 Si

219 1979 267 2020 in
290 1979 464 2020 nostris
489 1979 731 2032 episcopis
755 1979 816 2020 sit
831 1979 1068 2032 gentilitas
1091 1979 1208 2019 ritus
1233 1992 1294 2019 ex
1317 1979 1540 2032 superbia

164 2054 203 2086 25
223 2049 439 2103 episcopi
480 2049 763 2100 introducta,
816 2055 950 2103 patet
995 2050 1122 2101 quod
1173 2049 1327 2089 omnia
1378 2062 1539 2089 eorum

222 2119 440 2160 convivia
483 2124 592 2160 sunt
633 2119 813 2159 macule
857 2119 904 2159 in
937 2120 1188 2169 abstracto,
1236 2119 1365 2172 quod
1397 2118 1436 2159 si
1468 2132 1535 2159 se-

221 2190 375 2229 cundo
420 2189 587 2230 timore
625 2188 719 2229 Dei
760 2189 1033 2242 postposito
1078 2188 1214 2228 nimis
1258 2194 1537 2241 sumptuose

219 2259 438 2312 paverint
483 2272 534 2299 se
577 2259 709 2312 ipsos
753 2272 848 2299 non
880 2272 1131 2312 pauperes,
1179 2264 1225 2298 et
1255 2259 1347 2298 hoc
1380 2257 1537 2311 gracia

219 2328 478 2382 voluptatis
518 2342 601 2368 sue
640 2342 693 2368 ac
738 2328 889 2382 glorie
923 2328 1159 2379 secularis,
1199 2327 1303 2381 quis
1339 2327 1534 2378 dubitat,

163 2404 204 2435 30
220 2398 331 2451 quin
364 2398 424 2438 de
455 2398 545 2438 illis
577 2398 951 2451 prophetaverat
983 2404 1172 2438 sanctus
1204 2398 1375 2449 Judas?

278 2467 512 2520 Quantum
545 2468 602 2508 ad
634 2468 893 2508 secundum
924 2468 1099 2523 iugum,
1133 2468 1261 2521 quod
1291 2466 1536 2507 concernit
1550 2473 1656 2525 Thqse
1678 2475 1748 2514 yvho
1769 2480 1822 2503 not

217 2543 464 2590 peccatum
498 2538 668 2587 mundi,
702 2537 869 2577 dicitur
900 2537 1066 2590 primo,
1102 2538 1230 2590 quod
1260 2542 1369 2577 sunt
1400 2537 1536 2577 nubes
1569 2510 1806 2606 ῗῖἷεῖἃῖνῂὲῗὲζῑὲἓὲ

216 2608 314 2648 sine
355 2620 488 2659 aqua,
533 2621 626 2661 que
672 2621 696 2647 a
741 2607 896 2648 ventis
932 2607 1333 2657 circumferuntur,
1366 2607 1532 2657 nubes,
1627 2580 1748 2608 couds.

218 2690 309 2730 que
355 2677 599 2717 exalantur
644 2677 702 2718 de
747 2682 882 2727 terra,
935 2682 986 2717 ut
1030 2677 1124 2717 sint
1165 2676 1369 2717 medium
1411 2675 1534 2716 inter

161 2747 378 2800 35laycos
403 2751 451 2787 et
473 2747 635 2798 celum,
669 2746 850 2786 scilicet
880 2746 1126 2786 ecclesiam
1154 2746 1532 2799 triumphantem,

218 2816 346 2869 quod
379 2816 418 2856 si
449 2816 541 2856 sint
573 2816 673 2856 sine
705 2815 865 2870 pluvia
896 2815 1254 2869 predicacionis,
1288 2816 1345 2855 ad
1372 2828 1531 2869 quem-

215 2885 332 2926 libet
351 2886 604 2939 impulsum
625 2885 758 2926 venti
781 2885 970 2926 fortune
993 2899 1081 2939 pro
1111 2884 1460 2939 congregandis
1485 2889 1533 2924 et

283 2960 325 2983 De
340 2958 490 2984 Potestate
506 2959 593 2987 Pape.
1354 2965 1394 2995 14
