<?xml version="1.0" encoding="UTF-8"?>
<!DOCTYPE html PUBLIC "-//W3C//DTD XHTML 1.0 Transitional//EN"
    "http://www.w3.org/TR/xhtml1/DTD/xhtml1-transitional.dtd">
<html xmlns="http://www.w3.org/1999/xhtml" xml:lang="en" lang="en">
 <head>
  <title>
</title>
<meta http-equiv="Content-Type" content="text/html;charset=utf-8" />
  <meta name='ocr-system' content='tesseract 3.04.00' />
  <meta name='ocr-capabilities' content='ocr_page ocr_carea ocr_par ocr_line ocrx_word'/>
</head>
<body>
  <div class='ocr_page' id='page_1' title='image "./tractatusdepotes00wycl_0065.png"; bbox 0 0 2078 3338; ppageno 0'>
   <div class='ocr_carea' id='block_1_1' title="bbox 214 274 1817 332">
    <p class='ocr_par' dir='ltr' id='par_1_1' title="bbox 214 274 1817 332">
     <span class='ocr_line' id='line_1_1' title="bbox 214 274 1817 332; baseline 0.002 -15"><span class='ocrx_word' id='word_1_1' title='bbox 214 284 304 312; x_wconf 72' lang='lat' dir='ltr'>CAP.</span> <span class='ocrx_word' id='word_1_2' title='bbox 324 274 365 332; x_wconf 81' lang='grc'>1.]</span> <span class='ocrx_word' id='word_1_3' title='bbox 613 288 671 320; x_wconf 82' lang='lat' dir='ltr'>DE</span> <span class='ocrx_word' id='word_1_4' title='bbox 700 286 980 319; x_wconf 80' lang='lat' dir='ltr'>POTESTATE</span> <span class='ocrx_word' id='word_1_5' title='bbox 1008 286 1133 317; x_wconf 79' lang='lat' dir='ltr'>PAPE.</span> <span class='ocrx_word' id='word_1_6' title='bbox 1794 283 1817 321; x_wconf 85' lang='lat'>3</span> 
     </span>
    </p>
   </div>
   <div class='ocr_carea' id='block_1_2' title="bbox 160 388 1813 1771">
    <p class='ocr_par' dir='ltr' id='par_1_2' title="bbox 160 388 1813 1771">
     <span class='ocr_line' id='line_1_2' title="bbox 215 388 1530 443; baseline -0.004 -10"><span class='ocrx_word' id='word_1_7' title='bbox 215 392 394 433; x_wconf 80' lang='lat' dir='ltr'>cialiter</span> <span class='ocrx_word' id='word_1_8' title='bbox 431 398 482 433; x_wconf 86' lang='lat' dir='ltr'>ut</span> <span class='ocrx_word' id='word_1_9' title='bbox 524 398 626 433; x_wconf 91' lang='lat' dir='ltr'>tota</span> <span class='ocrx_word' id='word_1_10' title='bbox 666 391 848 433; x_wconf 82' lang='lat' dir='ltr'>trinitas</span> <span class='ocrx_word' id='word_1_11' title='bbox 882 396 956 432; x_wconf 87' lang='lat' dir='ltr'>est</span> <span class='ocrx_word' id='word_1_12' title='bbox 986 404 1078 431; x_wconf 87' lang='lat' dir='ltr'>una</span> <span class='ocrx_word' id='word_1_13' title='bbox 1113 389 1334 443; x_wconf 86' lang='lat' dir='ltr'>potencia</span> <span class='ocrx_word' id='word_1_14' title='bbox 1364 388 1530 430; x_wconf 90' lang='lat' dir='ltr'>intelli-</span> 
     </span>
     <span class='ocr_line' id='line_1_3' title="bbox 215 461 946 516; baseline -0.001 -14"><span class='ocrx_word' id='word_1_15' title='bbox 215 462 361 516; x_wconf 81' lang='lat' dir='ltr'>gendi</span> <span class='ocrx_word' id='word_1_16' title='bbox 393 475 445 502; x_wconf 90' lang='lat' dir='ltr'>ac</span> <span class='ocrx_word' id='word_1_17' title='bbox 477 461 670 503; x_wconf 90' lang='lat' dir='ltr'>volendi</span> <span class='ocrx_word' id='word_1_18' title='bbox 702 475 754 502; x_wconf 91' lang='lat' dir='ltr'>se</span> <span class='ocrx_word' id='word_1_19' title='bbox 784 461 946 515; x_wconf 91' lang='lat' dir='ltr'>ipsam.</span> 
     </span>
     <span class='ocr_line' id='line_1_4' title="bbox 270 530 1531 586; baseline -0.002 -13"><span class='ocrx_word' id='word_1_20' title='bbox 270 533 332 573; x_wconf 87' lang='lat' dir='ltr'>Et</span> <span class='ocrx_word' id='word_1_21' title='bbox 376 532 443 573; x_wconf 93' lang='lat' dir='ltr'>sic</span> <span class='ocrx_word' id='word_1_22' title='bbox 486 537 651 586; x_wconf 84' lang='lat' dir='ltr'>potest</span> <span class='ocrx_word' id='word_1_23' title='bbox 688 531 850 573; x_wconf 91' lang='lat' dir='ltr'>vocari</span> <span class='ocrx_word' id='word_1_24' title='bbox 891 536 1110 585; x_wconf 86' lang='lat' dir='ltr'>potestas</span> <span class='ocrx_word' id='word_1_25' title='bbox 1153 530 1231 570; x_wconf 90' lang='lat' dir='ltr'>illa</span> <span class='ocrx_word' id='word_1_26' title='bbox 1277 530 1430 570; x_wconf 88' lang='lat' dir='ltr'>solum</span> <span class='ocrx_word' id='word_1_27' title='bbox 1473 530 1531 571; x_wconf 89' lang='lat' dir='ltr'>ad.</span> 
     </span>
     <span class='ocr_line' id='line_1_5' title="bbox 215 598 1530 654; baseline -0.002 -12"><span class='ocrx_word' id='word_1_28' title='bbox 215 607 346 642; x_wconf 90' lang='lat' dir='ltr'>actus</span> <span class='ocrx_word' id='word_1_29' title='bbox 389 601 673 643; x_wconf 89' lang='lat' dir='ltr'>intrinsecos</span> <span class='ocrx_word' id='word_1_30' title='bbox 718 602 796 642; x_wconf 91' lang='lat' dir='ltr'>vel</span> <span class='ocrx_word' id='word_1_31' title='bbox 840 602 897 641; x_wconf 90' lang='lat' dir='ltr'>ad</span> <span class='ocrx_word' id='word_1_32' title='bbox 942 605 1090 654; x_wconf 80' lang='lat' dir='ltr'>extra,</span> <span class='ocrx_word' id='word_1_33' title='bbox 1134 605 1187 640; x_wconf 88' lang='lat' dir='ltr'>ut</span> <span class='ocrx_word' id='word_1_34' title='bbox 1225 605 1298 640; x_wconf 85' lang='lat' dir='ltr'>est</span> <span class='ocrx_word' id='word_1_35' title='bbox 1331 598 1530 640; x_wconf 86' lang='lat' dir='ltr'>effectus</span> 
     </span>
     <span class='ocr_line' id='line_1_6' title="bbox 183 668 1532 725; baseline -0.002 -13"><span class='ocrx_word' id='word_1_36' title='bbox 183 681 198 712; x_wconf 84' lang='lat'><strong>5</strong></span> <span class='ocrx_word' id='word_1_37' title='bbox 216 671 474 712; x_wconf 79' lang='lat' dir='ltr'>extrinseci</span> <span class='ocrx_word' id='word_1_38' title='bbox 504 669 801 725; x_wconf 83' lang='lat' dir='ltr'>productiva.</span> <span class='ocrx_word' id='word_1_39' title='bbox 837 670 942 723; x_wconf 75' lang='lat' dir='ltr'>Que</span> <span class='ocrx_word' id='word_1_40' title='bbox 973 674 1188 724; x_wconf 89' lang='lat' dir='ltr'>potestas</span> <span class='ocrx_word' id='word_1_41' title='bbox 1219 669 1329 711; x_wconf 86' lang='lat' dir='ltr'>licet</span> <span class='ocrx_word' id='word_1_42' title='bbox 1351 682 1449 709; x_wconf 89' lang='lat' dir='ltr'>non</span> <span class='ocrx_word' id='word_1_43' title='bbox 1470 668 1532 709; x_wconf 89' lang='lat' dir='ltr'>sit</span> 
     </span>
     <span class='ocr_line' id='line_1_7' title="bbox 215 738 1532 795; baseline -0.002 -13"><span class='ocrx_word' id='word_1_44' title='bbox 215 741 375 795; x_wconf 81' lang='lat' dir='ltr'>dispar</span> <span class='ocrx_word' id='word_1_45' title='bbox 397 741 622 794; x_wconf 86' lang='lat' dir='ltr'>essencia,</span> <span class='ocrx_word' id='word_1_46' title='bbox 655 746 812 781; x_wconf 88' lang='lat' dir='ltr'>tamen</span> <span class='ocrx_word' id='word_1_47' title='bbox 845 740 958 781; x_wconf 90' lang='lat' dir='ltr'>dicit</span> <span class='ocrx_word' id='word_1_48' title='bbox 990 739 1227 793; x_wconf 89' lang='lat' dir='ltr'>disparem</span> <span class='ocrx_word' id='word_1_49' title='bbox 1247 738 1532 779; x_wconf 84' lang='lat' dir='ltr'>relacionem</span> 
     </span>
     <span class='ocr_line' id='line_1_8' title="bbox 213 809 1532 863; baseline -0.002 -12"><span class='ocrx_word' id='word_1_50' title='bbox 213 810 415 851; x_wconf 86' lang='lat' dir='ltr'>racionis</span> <span class='ocrx_word' id='word_1_51' title='bbox 445 811 521 852; x_wconf 87' lang='lat' dir='ltr'>hic</span> <span class='ocrx_word' id='word_1_52' title='bbox 555 817 602 852; x_wconf 86' lang='lat' dir='ltr'>et</span> <span class='ocrx_word' id='word_1_53' title='bbox 643 811 721 851; x_wconf 92' lang='lat' dir='ltr'>ibi.</span> <span class='ocrx_word' id='word_1_54' title='bbox 775 811 836 851; x_wconf 86' lang='lat' dir='ltr'>Et</span> <span class='ocrx_word' id='word_1_55' title='bbox 879 809 1029 850; x_wconf 90' lang='lat' dir='ltr'>omnis</span> <span class='ocrx_word' id='word_1_56' title='bbox 1066 809 1172 850; x_wconf 86' lang='lat' dir='ltr'>talis</span> <span class='ocrx_word' id='word_1_57' title='bbox 1209 814 1426 863; x_wconf 89' lang='lat' dir='ltr'>potestas</span> <span class='ocrx_word' id='word_1_58' title='bbox 1459 814 1532 849; x_wconf 89' lang='lat' dir='ltr'>est</span> 
     </span>
     <span class='ocr_line' id='line_1_9' title="bbox 212 878 1810 951; baseline -0.002 -30"><span class='ocrx_word' id='word_1_59' title='bbox 212 881 432 933; x_wconf 86' lang='lat' dir='ltr'>increata,</span> <span class='ocrx_word' id='word_1_60' title='bbox 463 880 690 921; x_wconf 89' lang='lat' dir='ltr'>immensa</span> <span class='ocrx_word' id='word_1_61' title='bbox 722 885 770 920; x_wconf 90' lang='lat' dir='ltr'>et</span> <span class='ocrx_word' id='word_1_62' title='bbox 803 885 978 932; x_wconf 80' lang='lat' dir='ltr'>eterna,</span> <span class='ocrx_word' id='word_1_63' title='bbox 1013 878 1136 919; x_wconf 87' lang='lat' dir='ltr'>sicut</span> <span class='ocrx_word' id='word_1_64' title='bbox 1165 884 1331 919; x_wconf 87' lang='lat' dir='ltr'>natura</span> <span class='ocrx_word' id='word_1_65' title='bbox 1362 878 1531 929; x_wconf 89' lang='lat' dir='ltr'>divina,</span> <span class='ocrx_word' id='word_1_66' title='bbox 1553 880 1688 951; x_wconf 54' lang='lat' dir='ltr'>Cseffidy</span> <span class='ocrx_word' id='word_1_67' title='bbox 1703 888 1810 943; x_wconf 41' lang='grc' dir='ltr'>[ῥῖψε-Γ</span> 
     </span>
     <span class='ocr_line' id='line_1_10' title="bbox 215 948 1781 1021; baseline -0.003 -30"><span class='ocrx_word' id='word_1_68' title='bbox 215 964 307 1004; x_wconf 89' lang='lat' dir='ltr'>que</span> <span class='ocrx_word' id='word_1_69' title='bbox 340 956 413 991; x_wconf 88' lang='lat' dir='ltr'>est</span> <span class='ocrx_word' id='word_1_70' title='bbox 441 949 520 990; x_wconf 88' lang='lat' dir='ltr'>illa</span> <span class='ocrx_word' id='word_1_71' title='bbox 558 949 799 1004; x_wconf 81' lang='lat' dir='ltr'>potencia3</span> <span class='ocrx_word' id='word_1_72' title='bbox 845 955 893 990; x_wconf 92' lang='lat' dir='ltr'>et</span> <span class='ocrx_word' id='word_1_73' title='bbox 936 949 1004 990; x_wconf 90' lang='lat' dir='ltr'>sic</span> <span class='ocrx_word' id='word_1_74' title='bbox 1047 948 1258 1002; x_wconf 87' lang='lat' dir='ltr'>loquitur</span> <span class='ocrx_word' id='word_1_75' title='bbox 1301 948 1534 1002; x_wconf 88' lang='lat' dir='ltr'>scriptura</span> <span class='ocrx_word' id='word_1_76' title='bbox 1581 951 1781 1021; x_wconf 46' lang='lat' dir='ltr'>cgffiffillafjr</span> 
     </span>
     <span class='ocr_line' id='line_1_11' title="bbox 162 1018 1532 1073; baseline -0.001 -14"><span class='ocrx_word' id='word_1_77' title='bbox 162 1038 200 1059; x_wconf 92' lang='lat'>10</span> <span class='ocrx_word' id='word_1_78' title='bbox 213 1020 425 1061; x_wconf 88' lang='lat' dir='ltr'>Danielis</span> <span class='ocrx_word' id='word_1_79' title='bbox 456 1018 527 1073; x_wconf 86' lang='lat' dir='ltr'>VI,</span> <span class='ocrx_word' id='word_1_80' title='bbox 563 1022 634 1062; x_wconf 88' lang='lat'>26:</span> <span class='ocrx_word' id='word_1_81' title='bbox 675 1020 880 1061; x_wconf 75' lang='lat' dir='ltr'>Potestas</span> <span class='ocrx_word' id='word_1_82' title='bbox 917 1020 1013 1060; x_wconf 78' lang='lat' dir='ltr'>eius</span> <span class='ocrx_word' id='word_1_83' title='bbox 1050 1031 1189 1071; x_wconf 76' lang='lat' dir='ltr'>usque</span> <span class='ocrx_word' id='word_1_84' title='bbox 1224 1019 1273 1058; x_wconf 70' lang='lat' dir='ltr'>in</span> <span class='ocrx_word' id='word_1_85' title='bbox 1313 1021 1532 1059; x_wconf 72' lang='lat' dir='ltr'>eternum.</span> 
     </span>
     <span class='ocr_line' id='line_1_12' title="bbox 271 1087 1534 1141; baseline -0.002 -11"><span class='ocrx_word' id='word_1_86' title='bbox 271 1090 494 1130; x_wconf 86' lang='lat' dir='ltr'>Potestas</span> <span class='ocrx_word' id='word_1_87' title='bbox 540 1094 695 1130; x_wconf 89' lang='lat' dir='ltr'>autem</span> <span class='ocrx_word' id='word_1_88' title='bbox 740 1094 896 1129; x_wconf 87' lang='lat' dir='ltr'>creata</span> <span class='ocrx_word' id='word_1_89' title='bbox 927 1089 1005 1129; x_wconf 92' lang='lat' dir='ltr'>vel</span> <span class='ocrx_word' id='word_1_90' title='bbox 1050 1094 1123 1129; x_wconf 91' lang='lat' dir='ltr'>est</span> <span class='ocrx_word' id='word_1_91' title='bbox 1162 1087 1424 1141; x_wconf 90' lang='lat' dir='ltr'>corporalis</span> <span class='ocrx_word' id='word_1_92' title='bbox 1456 1087 1534 1128; x_wconf 92' lang='lat' dir='ltr'>vel</span> 
     </span>
     <span class='ocr_line' id='line_1_13' title="bbox 214 1156 1532 1213; baseline -0.002 -13"><span class='ocrx_word' id='word_1_93' title='bbox 214 1159 481 1213; x_wconf 89' lang='lat' dir='ltr'>spiritualis,</span> <span class='ocrx_word' id='word_1_94' title='bbox 527 1164 574 1201; x_wconf 89' lang='lat' dir='ltr'>et</span> <span class='ocrx_word' id='word_1_95' title='bbox 616 1159 684 1200; x_wconf 89' lang='lat' dir='ltr'>sic</span> <span class='ocrx_word' id='word_1_96' title='bbox 728 1157 1080 1199; x_wconf 87' lang='lat' dir='ltr'>subdividendo</span> <span class='ocrx_word' id='word_1_97' title='bbox 1113 1158 1371 1198; x_wconf 89' lang='lat' dir='ltr'>secundum</span> <span class='ocrx_word' id='word_1_98' title='bbox 1403 1156 1532 1198; x_wconf 82' lang='lat' dir='ltr'>diffe-</span> 
     </span>
     <span class='ocr_line' id='line_1_14' title="bbox 213 1226 1532 1282; baseline -0.002 -12"><span class='ocrx_word' id='word_1_99' title='bbox 213 1229 397 1270; x_wconf 87' lang='lat' dir='ltr'>rencias</span> <span class='ocrx_word' id='word_1_100' title='bbox 442 1229 715 1282; x_wconf 85' lang='lat' dir='ltr'>activorum,</span> <span class='ocrx_word' id='word_1_101' title='bbox 760 1228 808 1269; x_wconf 89' lang='lat' dir='ltr'>in</span> <span class='ocrx_word' id='word_1_102' title='bbox 852 1228 1024 1282; x_wconf 88' lang='lat' dir='ltr'>quibus</span> <span class='ocrx_word' id='word_1_103' title='bbox 1069 1234 1177 1269; x_wconf 89' lang='lat' dir='ltr'>sunt</span> <span class='ocrx_word' id='word_1_104' title='bbox 1219 1227 1365 1268; x_wconf 87' lang='lat' dir='ltr'>multe</span> <span class='ocrx_word' id='word_1_105' title='bbox 1404 1226 1532 1268; x_wconf 84' lang='lat' dir='ltr'>diffe-</span> 
     </span>
     <span class='ocr_line' id='line_1_15' title="bbox 213 1297 1533 1352; baseline -0.002 -13"><span class='ocrx_word' id='word_1_106' title='bbox 213 1299 385 1351; x_wconf 76' lang='lat' dir='ltr'>rencie,</span> <span class='ocrx_word' id='word_1_107' title='bbox 401 1298 510 1352; x_wconf 89' lang='lat' dir='ltr'>quia</span> <span class='ocrx_word' id='word_1_108' title='bbox 532 1297 787 1352; x_wconf 89' lang='lat' dir='ltr'>spiritualis</span> <span class='ocrx_word' id='word_1_109' title='bbox 809 1303 1026 1352; x_wconf 90' lang='lat' dir='ltr'>potestas</span> <span class='ocrx_word' id='word_1_110' title='bbox 1046 1297 1294 1338; x_wconf 90' lang='lat' dir='ltr'>racionalis</span> <span class='ocrx_word' id='word_1_111' title='bbox 1318 1302 1533 1338; x_wconf 85' lang='lat' dir='ltr'>creature</span> 
     </span>
     <span class='ocr_line' id='line_1_16' title="bbox 160 1366 1533 1423; baseline 0 -16"><span class='ocrx_word' id='word_1_112' title='bbox 160 1375 199 1408; x_wconf 81' lang='lat'>15</span> <span class='ocrx_word' id='word_1_113' title='bbox 217 1374 291 1409; x_wconf 90' lang='lat' dir='ltr'>est</span> <span class='ocrx_word' id='word_1_114' title='bbox 303 1374 539 1423; x_wconf 88' lang='lat' dir='ltr'>perpetua</span> <span class='ocrx_word' id='word_1_115' title='bbox 551 1368 818 1410; x_wconf 89' lang='lat' dir='ltr'>indelebilis</span> <span class='ocrx_word' id='word_1_116' title='bbox 834 1369 921 1409; x_wconf 89' lang='lat' dir='ltr'>sed</span> <span class='ocrx_word' id='word_1_117' title='bbox 933 1367 1265 1422; x_wconf 77' lang='lat' dir='ltr'>restringibilis</span> <span class='ocrx_word' id='word_1_118' title='bbox 1283 1367 1332 1408; x_wconf 91' lang='lat' dir='ltr'>in</span> <span class='ocrx_word' id='word_1_119' title='bbox 1349 1366 1533 1419; x_wconf 81' lang='lat' dir='ltr'>effectu,</span> 
     </span>
     <span class='ocr_line' id='line_1_17' title="bbox 217 1436 1533 1492; baseline -0.002 -13"><span class='ocrx_word' id='word_1_120' title='bbox 217 1438 477 1492; x_wconf 89' lang='lat' dir='ltr'>corporalis</span> <span class='ocrx_word' id='word_1_121' title='bbox 511 1444 666 1479; x_wconf 90' lang='lat' dir='ltr'>autem</span> <span class='ocrx_word' id='word_1_122' title='bbox 697 1443 913 1492; x_wconf 90' lang='lat' dir='ltr'>potestas</span> <span class='ocrx_word' id='word_1_123' title='bbox 947 1443 1022 1479; x_wconf 91' lang='lat' dir='ltr'>est</span> <span class='ocrx_word' id='word_1_124' title='bbox 1055 1437 1273 1478; x_wconf 88' lang='lat' dir='ltr'>delebilis</span> <span class='ocrx_word' id='word_1_125' title='bbox 1305 1442 1353 1478; x_wconf 91' lang='lat' dir='ltr'>et</span> <span class='ocrx_word' id='word_1_126' title='bbox 1375 1436 1533 1490; x_wconf 86' lang='lat' dir='ltr'>acqui-</span> 
     </span>
     <span class='ocr_line' id='line_1_18' title="bbox 213 1506 1534 1562; baseline -0.002 -13"><span class='ocrx_word' id='word_1_127' title='bbox 213 1509 374 1560; x_wconf 84' lang='lat' dir='ltr'>ribilis,</span> <span class='ocrx_word' id='word_1_128' title='bbox 408 1522 513 1549; x_wconf 90' lang='lat' dir='ltr'>cum</span> <span class='ocrx_word' id='word_1_129' title='bbox 544 1508 606 1549; x_wconf 85' lang='lat' dir='ltr'>sit</span> <span class='ocrx_word' id='word_1_130' title='bbox 638 1508 836 1562; x_wconf 85' lang='lat' dir='ltr'>qualitas</span> <span class='ocrx_word' id='word_1_131' title='bbox 870 1508 929 1548; x_wconf 93' lang='lat' dir='ltr'>de</span> <span class='ocrx_word' id='word_1_132' title='bbox 962 1508 1171 1548; x_wconf 87' lang='lat' dir='ltr'>secunda</span> <span class='ocrx_word' id='word_1_133' title='bbox 1202 1507 1365 1561; x_wconf 89' lang='lat' dir='ltr'>specie</span> <span class='ocrx_word' id='word_1_134' title='bbox 1393 1506 1534 1560; x_wconf 88' lang='lat' dir='ltr'>quali-</span> 
     </span>
     <span class='ocr_line' id='line_1_19' title="bbox 215 1575 1534 1632; baseline -0.002 -13"><span class='ocrx_word' id='word_1_135' title='bbox 215 1579 323 1619; x_wconf 86' lang='lat' dir='ltr'>tatis</span> <span class='ocrx_word' id='word_1_136' title='bbox 360 1592 457 1619; x_wconf 90' lang='lat' dir='ltr'>non</span> <span class='ocrx_word' id='word_1_137' title='bbox 492 1578 871 1632; x_wconf 86' lang='lat' dir='ltr'>inseparabiliter</span> <span class='ocrx_word' id='word_1_138' title='bbox 910 1577 1226 1619; x_wconf 87' lang='lat' dir='ltr'>connaturalis</span> <span class='ocrx_word' id='word_1_139' title='bbox 1261 1575 1534 1617; x_wconf 88' lang='lat' dir='ltr'>substancie</span> 
     </span>
     <span class='ocr_line' id='line_1_20' title="bbox 217 1648 455 1691; baseline 0.008 -2"><span class='ocrx_word' id='word_1_140' title='bbox 217 1648 291 1689; x_wconf 87' lang='lat' dir='ltr'>cui</span> <span class='ocrx_word' id='word_1_141' title='bbox 320 1649 455 1691; x_wconf 90' lang='lat' dir='ltr'>inest.</span> 
     </span>
     <span class='ocr_line' id='line_1_21' title="bbox 160 1716 1813 1771; baseline -0.005 -11"><span class='ocrx_word' id='word_1_142' title='bbox 160 1733 202 1755; x_wconf 88' lang='lat'>20</span> <span class='ocrx_word' id='word_1_143' title='bbox 275 1717 499 1760; x_wconf 89' lang='lat' dir='ltr'>Secundo</span> <span class='ocrx_word' id='word_1_144' title='bbox 522 1732 640 1760; x_wconf 90' lang='lat' dir='ltr'>vero</span> <span class='ocrx_word' id='word_1_145' title='bbox 669 1718 812 1759; x_wconf 90' lang='lat' dir='ltr'>modo</span> <span class='ocrx_word' id='word_1_146' title='bbox 846 1717 1043 1759; x_wconf 88' lang='lat' dir='ltr'>sumitur</span> <span class='ocrx_word' id='word_1_147' title='bbox 1073 1722 1290 1771; x_wconf 88' lang='lat' dir='ltr'>potestas</span> <span class='ocrx_word' id='word_1_148' title='bbox 1320 1716 1368 1757; x_wconf 88' lang='lat' dir='ltr'>in</span> <span class='ocrx_word' id='word_1_149' title='bbox 1396 1720 1534 1757; x_wconf 91' lang='lat' dir='ltr'>textu</span> <span class='ocrx_word' id='word_1_150' title='bbox 1562 1724 1589 1745; x_wconf 90' lang='lat'>2·</span> <span class='ocrx_word' id='word_1_151' title='bbox 1612 1716 1722 1744; x_wconf 73' lang='lat' dir='ltr'>power</span> <span class='ocrx_word' id='word_1_152' title='bbox 1742 1724 1813 1752; x_wconf 81' lang='lat' dir='ltr'>may</span> 
     </span>
    </p>
   </div>
   <div class='ocr_carea' id='block_1_3' title="bbox 1592 1751 1782 1786">
    <p class='ocr_par' dir='ltr' id='par_1_3' title="bbox 1592 1751 1782 1786">
     <span class='ocr_line' id='line_1_22' title="bbox 1592 1751 1782 1786; baseline 0 -8"><span class='ocrx_word' id='word_1_153' title='bbox 1592 1751 1629 1778; x_wconf 86' lang='lat' dir='ltr'>be</span> <span class='ocrx_word' id='word_1_154' title='bbox 1650 1751 1782 1786; x_wconf 82' lang='lat' dir='ltr'>passive,</span> 
     </span>
    </p>
   </div>
   <div class='ocr_carea' id='block_1_4' title="bbox 100 1786 1807 1856">
    <p class='ocr_par' dir='ltr' id='par_1_4' title="bbox 100 1786 1807 1856">
     <span class='ocr_line' id='line_1_23' title="bbox 100 1786 1807 1856; baseline 0.001 -32"><span class='ocrx_word' id='word_1_155' title='bbox 100 1791 179 1825; x_wconf 59' lang='lat'>162³</span> <span class='ocrx_word' id='word_1_156' title='bbox 215 1787 504 1841; x_wconf 80' lang='lat' dir='ltr'>Aristotelis,</span> <span class='ocrx_word' id='word_1_157' title='bbox 547 1801 636 1842; x_wconf 89' lang='lat' dir='ltr'>pro</span> <span class='ocrx_word' id='word_1_158' title='bbox 680 1788 873 1842; x_wconf 89' lang='lat' dir='ltr'>passiva</span> <span class='ocrx_word' id='word_1_159' title='bbox 905 1787 1130 1841; x_wconf 90' lang='lat' dir='ltr'>potencia</span> <span class='ocrx_word' id='word_1_160' title='bbox 1157 1786 1161 1842; x_wconf 89' lang='grc' dir='ltr'>Ι</span> <span class='ocrx_word' id='word_1_161' title='bbox 1191 1793 1416 1834; x_wconf 86' lang='lat' dir='ltr'>creature,</span> <span class='ocrx_word' id='word_1_162' title='bbox 1464 1799 1534 1826; x_wconf 90' lang='lat' dir='ltr'>se-</span> <span class='ocrx_word' id='word_1_163' title='bbox 1565 1786 1807 1856; x_wconf 50' lang='lat' dir='ltr'>{gssffissgioqgeff’</span> 
     </span>
    </p>
   </div>
   <div class='ocr_carea' id='block_1_5' title="bbox 160 1855 1826 2140">
    <p class='ocr_par' dir='ltr' id='par_1_5' title="bbox 160 1855 1826 2140">
     <span class='ocr_line' id='line_1_24' title="bbox 218 1855 1536 1912; baseline -0.002 -14"><span class='ocrx_word' id='word_1_164' title='bbox 218 1858 419 1898; x_wconf 88' lang='lat' dir='ltr'>cundum</span> <span class='ocrx_word' id='word_1_165' title='bbox 463 1871 602 1912; x_wconf 88' lang='lat' dir='ltr'>quam</span> <span class='ocrx_word' id='word_1_166' title='bbox 645 1857 816 1899; x_wconf 89' lang='lat' dir='ltr'>dicitur</span> <span class='ocrx_word' id='word_1_167' title='bbox 859 1857 1077 1912; x_wconf 90' lang='lat' dir='ltr'>recipere</span> <span class='ocrx_word' id='word_1_168' title='bbox 1129 1870 1342 1911; x_wconf 86' lang='lat' dir='ltr'>congrue</span> <span class='ocrx_word' id='word_1_169' title='bbox 1396 1855 1536 1897; x_wconf 90' lang='lat' dir='ltr'>activi</span> 
     </span>
     <span class='ocr_line' id='line_1_25' title="bbox 218 1927 760 1971; baseline 0.006 -4"><span class='ocrx_word' id='word_1_170' title='bbox 218 1927 475 1968; x_wconf 79' lang='lat' dir='ltr'>extrinseci</span> <span class='ocrx_word' id='word_1_171' title='bbox 507 1928 760 1971; x_wconf 87' lang='lat' dir='ltr'>accionem.</span> 
     </span>
     <span class='ocr_line' id='line_1_26' title="bbox 275 1996 1790 2052; baseline -0.003 -14"><span class='ocrx_word' id='word_1_172' title='bbox 275 1996 373 2038; x_wconf 91' lang='lat' dir='ltr'>Sed</span> <span class='ocrx_word' id='word_1_173' title='bbox 402 1998 552 2039; x_wconf 90' lang='lat' dir='ltr'>tercio</span> <span class='ocrx_word' id='word_1_174' title='bbox 583 1997 905 2052; x_wconf 87' lang='lat' dir='ltr'>pertinencius</span> <span class='ocrx_word' id='word_1_175' title='bbox 939 1997 1168 2051; x_wconf 89' lang='lat' dir='ltr'>accipitur</span> <span class='ocrx_word' id='word_1_176' title='bbox 1198 2002 1413 2051; x_wconf 89' lang='lat' dir='ltr'>potestas</span> <span class='ocrx_word' id='word_1_177' title='bbox 1445 2008 1534 2049; x_wconf 87' lang='lat' dir='ltr'>pro</span> <span class='ocrx_word' id='word_1_178' title='bbox 1585 2006 1613 2036; x_wconf 83' lang='lat'>3.</span> <span class='ocrx_word' id='word_1_179' title='bbox 1636 2007 1745 2035; x_wconf 78' lang='lat' dir='ltr'>Power</span> <span class='ocrx_word' id='word_1_180' title='bbox 1763 2008 1790 2035; x_wconf 76' lang='lat' dir='ltr'>is</span> 
     </span>
     <span class='ocr_line' id='line_1_27' title="bbox 160 2042 1826 2140; baseline 0.001 -37"><span class='ocrx_word' id='word_1_181' title='bbox 160 2071 200 2103; x_wconf 85' lang='lat'>25</span> <span class='ocrx_word' id='word_1_182' title='bbox 215 2067 451 2121; x_wconf 89' lang='lat' dir='ltr'>principio</span> <span class='ocrx_word' id='word_1_183' title='bbox 484 2068 686 2109; x_wconf 90' lang='lat' dir='ltr'>faciendi</span> <span class='ocrx_word' id='word_1_184' title='bbox 718 2068 906 2122; x_wconf 83' lang='lat' dir='ltr'>aliquid,</span> <span class='ocrx_word' id='word_1_185' title='bbox 938 2081 1033 2108; x_wconf 89' lang='lat' dir='ltr'>non</span> <span class='ocrx_word' id='word_1_186' title='bbox 1066 2080 1351 2121; x_wconf 86' lang='lat' dir='ltr'>quocunque</span> <span class='ocrx_word' id='word_1_187' title='bbox 1377 2042 1826 2140; x_wconf 48' lang='lat' dir='ltr'>modo,th‹¹{J{}l⁰}²1iii¹{}su⁵</span> 
     </span>
    </p>
   </div>
   <div class='ocr_carea' id='block_1_6' title="bbox 163 2137 1795 2540">
    <p class='ocr_par' dir='ltr' id='par_1_6' title="bbox 215 2137 1795 2401">
     <span class='ocr_line' id='line_1_28' title="bbox 217 2137 1795 2196; baseline -0.003 -18"><span class='ocrx_word' id='word_1_188' title='bbox 217 2139 304 2178; x_wconf 91' lang='lat' dir='ltr'>sed</span> <span class='ocrx_word' id='word_1_189' title='bbox 332 2139 470 2190; x_wconf 76' lang='lat' dir='ltr'>bene,</span> <span class='ocrx_word' id='word_1_190' title='bbox 507 2138 637 2191; x_wconf 90' lang='lat' dir='ltr'>quod</span> <span class='ocrx_word' id='word_1_191' title='bbox 668 2137 954 2179; x_wconf 87' lang='lat' dir='ltr'>Aristoteles</span> <span class='ocrx_word' id='word_1_192' title='bbox 988 2137 1099 2178; x_wconf 90' lang='lat' dir='ltr'>dicit</span> <span class='ocrx_word' id='word_1_193' title='bbox 1128 2137 1246 2190; x_wconf 77' lang='lat' dir='ltr'>fleri</span> <span class='ocrx_word' id='word_1_194' title='bbox 1285 2138 1535 2178; x_wconf 73' lang='lat' dir='ltr'>secuudum</span> <span class='ocrx_word' id='word_1_195' title='bbox 1578 2146 1795 2196; x_wconf 66' lang='lat' dir='ltr'>accprdjngto</span> 
     </span>
     <span class='ocr_line' id='line_1_29' title="bbox 215 2183 1786 2260; baseline -0.002 -12"><span class='ocrx_word' id='word_1_196' title='bbox 215 2208 503 2248; x_wconf 71' lang='lat' dir='ltr'>voluntatem.</span> <span class='ocrx_word' id='word_1_197' title='bbox 554 2206 617 2248; x_wconf 90' lang='lat' dir='ltr'>Et</span> <span class='ocrx_word' id='word_1_198' title='bbox 658 2207 748 2248; x_wconf 89' lang='lat' dir='ltr'>ista</span> <span class='ocrx_word' id='word_1_199' title='bbox 778 2207 968 2248; x_wconf 89' lang='lat' dir='ltr'>videtur</span> <span class='ocrx_word' id='word_1_200' title='bbox 1006 2206 1117 2247; x_wconf 88' lang='lat' dir='ltr'>mihi</span> <span class='ocrx_word' id='word_1_201' title='bbox 1147 2206 1370 2260; x_wconf 86' lang='lat' dir='ltr'>potencia</span> <span class='ocrx_word' id='word_1_202' title='bbox 1398 2205 1536 2246; x_wconf 85' lang='lat' dir='ltr'>ratio·</span> <span class='ocrx_word' id='word_1_203' title='bbox 1581 2190 1633 2210; x_wconf 66' lang='lat'><strong>⁰¹¹¹</strong></span> <span class='ocrx_word' id='word_1_204' title='bbox 1658 2183 1786 2209; x_wconf 40' lang='lat' dir='ltr'><strong>‘mnes&#39;</strong></span> 
     </span>
     <span class='ocr_line' id='line_1_30' title="bbox 215 2275 1538 2330; baseline -0.001 -14"><span class='ocrx_word' id='word_1_205' title='bbox 215 2276 354 2328; x_wconf 86' lang='lat' dir='ltr'>nalis;</span> <span class='ocrx_word' id='word_1_206' title='bbox 390 2277 449 2316; x_wconf 92' lang='lat' dir='ltr'>de</span> <span class='ocrx_word' id='word_1_207' title='bbox 482 2290 576 2330; x_wconf 89' lang='lat' dir='ltr'>qua</span> <span class='ocrx_word' id='word_1_208' title='bbox 596 2290 722 2318; x_wconf 90' lang='lat' dir='ltr'>nono</span> <span class='ocrx_word' id='word_1_209' title='bbox 745 2276 1093 2330; x_wconf 86' lang='lat' dir='ltr'>Methaphisice</span> <span class='ocrx_word' id='word_1_210' title='bbox 1116 2290 1170 2328; x_wconf 85' lang='lat'>30</span> <span class='ocrx_word' id='word_1_211' title='bbox 1203 2281 1251 2317; x_wconf 86' lang='lat' dir='ltr'>et</span> <span class='ocrx_word' id='word_1_212' title='bbox 1278 2289 1338 2317; x_wconf 85' lang='lat'>10.</span> <span class='ocrx_word' id='word_1_213' title='bbox 1369 2275 1432 2316; x_wconf 88' lang='lat' dir='ltr'>Et</span> <span class='ocrx_word' id='word_1_214' title='bbox 1460 2275 1538 2315; x_wconf 88' lang='lat' dir='ltr'>illa</span> 
     </span>
     <span class='ocr_line' id='line_1_31' title="bbox 218 2346 1536 2401; baseline -0.002 -15"><span class='ocrx_word' id='word_1_215' title='bbox 218 2346 536 2387; x_wconf 89' lang='lat' dir='ltr'>subdividitur</span> <span class='ocrx_word' id='word_1_216' title='bbox 558 2347 818 2388; x_wconf 88' lang='lat' dir='ltr'>secundum</span> <span class='ocrx_word' id='word_1_217' title='bbox 839 2346 1055 2387; x_wconf 86' lang='lat' dir='ltr'>homines</span> <span class='ocrx_word' id='word_1_218' title='bbox 1079 2351 1127 2386; x_wconf 85' lang='lat' dir='ltr'>et</span> <span class='ocrx_word' id='word_1_219' title='bbox 1154 2347 1350 2401; x_wconf 84' lang='lat' dir='ltr'>angelos</span> <span class='ocrx_word' id='word_1_220' title='bbox 1381 2347 1536 2385; x_wconf 88' lang='lat' dir='ltr'>bonos</span> 
     </span>
    </p>

    <p class='ocr_par' dir='ltr' id='par_1_7' title="bbox 163 2414 1537 2540">
     <span class='ocr_line' id='line_1_32' title="bbox 163 2414 1536 2470; baseline -0.001 -14"><span class='ocrx_word' id='word_1_221' title='bbox 163 2420 204 2452; x_wconf 80' lang='lat'>30</span> <span class='ocrx_word' id='word_1_222' title='bbox 218 2417 296 2456; x_wconf 89' lang='lat' dir='ltr'>vel</span> <span class='ocrx_word' id='word_1_223' title='bbox 328 2416 493 2465; x_wconf 83' lang='lat' dir='ltr'>malos3</span> <span class='ocrx_word' id='word_1_224' title='bbox 527 2421 576 2457; x_wconf 90' lang='lat' dir='ltr'>et</span> <span class='ocrx_word' id='word_1_225' title='bbox 611 2415 689 2457; x_wconf 91' lang='lat' dir='ltr'>illa</span> <span class='ocrx_word' id='word_1_226' title='bbox 719 2422 937 2470; x_wconf 89' lang='lat' dir='ltr'>potestas</span> <span class='ocrx_word' id='word_1_227' title='bbox 969 2415 1140 2457; x_wconf 87' lang='lat' dir='ltr'>dicitur</span> <span class='ocrx_word' id='word_1_228' title='bbox 1169 2416 1248 2456; x_wconf 90' lang='lat' dir='ltr'>vel</span> <span class='ocrx_word' id='word_1_229' title='bbox 1279 2414 1536 2456; x_wconf 89' lang='lat' dir='ltr'>intrinsece</span> 
     </span>
     <span class='ocr_line' id='line_1_33' title="bbox 218 2484 1537 2540; baseline 0 -15"><span class='ocrx_word' id='word_1_230' title='bbox 218 2486 296 2526; x_wconf 90' lang='lat' dir='ltr'>vel</span> <span class='ocrx_word' id='word_1_231' title='bbox 328 2486 610 2538; x_wconf 79' lang='lat' dir='ltr'>extrinsece,</span> <span class='ocrx_word' id='word_1_232' title='bbox 642 2486 1075 2540; x_wconf 88' lang='lat' dir='ltr'>proporcionaliter</span> <span class='ocrx_word' id='word_1_233' title='bbox 1099 2491 1151 2526; x_wconf 90' lang='lat' dir='ltr'>ut</span> <span class='ocrx_word' id='word_1_234' title='bbox 1173 2485 1350 2537; x_wconf 83' lang='lat' dir='ltr'>dictum</span> <span class='ocrx_word' id='word_1_235' title='bbox 1382 2490 1456 2526; x_wconf 91' lang='lat' dir='ltr'>est</span> <span class='ocrx_word' id='word_1_236' title='bbox 1478 2484 1537 2524; x_wconf 89' lang='lat' dir='ltr'>de</span> 
     </span>
    </p>
   </div>
   <div class='ocr_carea' id='block_1_7' title="bbox 217 2554 1536 2609">
    <p class='ocr_par' dir='ltr' id='par_1_8' title="bbox 217 2554 1536 2609">
     <span class='ocr_line' id='line_1_34' title="bbox 217 2554 1536 2609; baseline -0.002 -13"><span class='ocrx_word' id='word_1_237' title='bbox 217 2556 440 2608; x_wconf 89' lang='lat' dir='ltr'>potencia</span> <span class='ocrx_word' id='word_1_238' title='bbox 473 2555 648 2607; x_wconf 82' lang='lat' dir='ltr'>divina3</span> <span class='ocrx_word' id='word_1_239' title='bbox 679 2556 805 2596; x_wconf 89' lang='lat' dir='ltr'>unde</span> <span class='ocrx_word' id='word_1_240' title='bbox 836 2555 1062 2609; x_wconf 89' lang='lat' dir='ltr'>potencia</span> <span class='ocrx_word' id='word_1_241' title='bbox 1081 2555 1331 2597; x_wconf 87' lang='lat' dir='ltr'>racionalis</span> <span class='ocrx_word' id='word_1_242' title='bbox 1351 2554 1536 2607; x_wconf 90' lang='lat' dir='ltr'>insepa-</span> 
     </span>
    </p>
   </div>
   <div class='ocr_carea' id='block_1_8' title="bbox 224 2725 1536 2809">
    <p class='ocr_par' dir='ltr' id='par_1_9' title="bbox 224 2725 1536 2809">
     <span class='ocr_line' id='line_1_35' title="bbox 291 2725 1536 2755; baseline -0.002 -1"><span class='ocrx_word' id='word_1_243' title='bbox 291 2726 317 2754; x_wconf 79' lang='lat'>8.</span> <span class='ocrx_word' id='word_1_244' title='bbox 349 2726 387 2754; x_wconf 87' lang='lat' dir='ltr'>B:</span> <span class='ocrx_word' id='word_1_245' title='bbox 418 2734 456 2754; x_wconf 86' lang='lat' dir='ltr'>ac</span> <span class='ocrx_word' id='word_1_246' title='bbox 485 2729 602 2754; x_wconf 76' lang='lat' dir='ltr'>eterna.</span> <span class='ocrx_word' id='word_1_247' title='bbox 707 2726 750 2755; x_wconf 85' lang='lat'>13.</span> <span class='ocrx_word' id='word_1_248' title='bbox 781 2726 820 2754; x_wconf 81' lang='lat' dir='ltr'>B:</span> <span class='ocrx_word' id='word_1_249' title='bbox 850 2726 1033 2754; x_wconf 79' lang='lat' dir='ltr'>actt&#39;varzcm.</span> <span class='ocrx_word' id='word_1_250' title='bbox 1135 2726 1180 2755; x_wconf 84' lang='lat'>15.</span> <span class='ocrx_word' id='word_1_251' title='bbox 1212 2726 1331 2754; x_wconf 89' lang='lat' dir='ltr'>Codd.:</span> <span class='ocrx_word' id='word_1_252' title='bbox 1361 2725 1536 2753; x_wconf 79' lang='lat' dir='ltr'>indelibilis.</span> 
     </span>
     <span class='ocr_line' id='line_1_36' title="bbox 224 2772 1422 2809; baseline 0 -9"><span class='ocrx_word' id='word_1_253' title='bbox 224 2773 267 2801; x_wconf 83' lang='lat'>16.</span> <span class='ocrx_word' id='word_1_254' title='bbox 289 2773 326 2800; x_wconf 85' lang='lat' dir='ltr'>B:</span> <span class='ocrx_word' id='word_1_255' title='bbox 347 2773 465 2801; x_wconf 79' lang='lat' dir='ltr'>debilis.</span> <span class='ocrx_word' id='word_1_256' title='bbox 541 2780 584 2808; x_wconf 91' lang='lat'>17.</span> <span class='ocrx_word' id='word_1_257' title='bbox 605 2774 760 2809; x_wconf 78' lang='lat' dir='ltr'>qualz&#39;tas‚·</span> <span class='ocrx_word' id='word_1_258' title='bbox 780 2773 867 2801; x_wconf 80' lang='lat' dir='ltr'>cod.:</span> <span class='ocrx_word' id='word_1_259' title='bbox 889 2775 999 2809; x_wconf 67' lang='lat' dir='ltr'>qualus·</span> <span class='ocrx_word' id='word_1_260' title='bbox 1073 2781 1122 2808; x_wconf 89' lang='lat'>24.</span> <span class='ocrx_word' id='word_1_261' title='bbox 1144 2773 1184 2801; x_wconf 89' lang='lat' dir='ltr'>B:</span> <span class='ocrx_word' id='word_1_262' title='bbox 1205 2773 1303 2801; x_wconf 77' lang='lat' dir='ltr'>tercio</span> <span class='ocrx_word' id='word_1_263' title='bbox 1325 2772 1422 2800; x_wconf 88' lang='lat' dir='ltr'>deest.</span> 
     </span>
    </p>
   </div>
   <div class='ocr_carea' id='block_1_9' title="bbox 293 2854 1535 2899">
    <p class='ocr_par' dir='ltr' id='par_1_10' title="bbox 293 2854 1535 2899">
     <span class='ocr_line' id='line_1_37' title="bbox 293 2854 1535 2899; baseline 0.001 -11"><span class='ocrx_word' id='word_1_264' title='bbox 293 2857 346 2890; x_wconf 82' lang='lat'>26.</span> <span class='ocrx_word' id='word_1_265' title='bbox 373 2857 587 2897; x_wconf 74' lang='lat' dir='ltr'>Aristoteles,</span> <span class='ocrx_word' id='word_1_266' title='bbox 630 2855 781 2899; x_wconf 87' lang='lat' dir='ltr'>Metaph.</span> <span class='ocrx_word' id='word_1_267' title='bbox 823 2857 909 2897; x_wconf 87' lang='lat' dir='ltr'>VIII,</span> <span class='ocrx_word' id='word_1_268' title='bbox 958 2868 985 2889; x_wconf 85' lang='lat'>1.</span> <span class='ocrx_word' id='word_1_269' title='bbox 1105 2858 1159 2888; x_wconf 90' lang='lat'>28.</span> <span class='ocrx_word' id='word_1_270' title='bbox 1201 2856 1342 2888; x_wconf 84' lang='lat' dir='ltr'>Rectius</span> <span class='ocrx_word' id='word_1_271' title='bbox 1383 2854 1535 2897; x_wconf 84' lang='lat' dir='ltr'>Metaph.</span> 
     </span>
    </p>
   </div>
   <div class='ocr_carea' id='block_1_10' title="bbox 221 2905 1399 2991">
    <p class='ocr_par' dir='ltr' id='par_1_11' title="bbox 221 2905 1399 2991">
     <span class='ocr_line' id='line_1_38' title="bbox 221 2905 367 2945; baseline 0.007 -9"><span class='ocrx_word' id='word_1_272' title='bbox 221 2905 309 2945; x_wconf 82' lang='lat' dir='ltr'>vm,</span> <span class='ocrx_word' id='word_1_273' title='bbox 338 2914 367 2938; x_wconf 85' lang='lat'>2.</span> 
     </span>
     <span class='ocr_line' id='line_1_39' title="bbox 1357 2959 1399 2991; baseline 0 -11"><span class='ocrx_word' id='word_1_274' title='bbox 1357 2959 1399 2991; x_wconf 63' lang='grc' dir='ltr'>Ι*</span> 
     </span>
    </p>
   </div>
  </div>
 </body>
</html>
