2078 3338
283 279 356 316 142
1004 275 1228 307 JOHANle
1255 275 1439 307 WYCLIF
1681 264 1787 316 [CAP.
1809 272 1876 301 vn.

563 381 626 422 Et
656 379 724 421 sic
754 379 965 434 intelligo
998 379 1241 420 decretum
1261 377 1449 432 XXIV,
1481 393 1522 433 q.
1544 378 1578 427 Ι,
1618 378 1876 433 Quodcum-

563 463 646 503 que
678 463 780 491 cum
806 450 871 490 eis
895 448 1135 500 similibus,
1168 462 1260 502 que
1285 449 1438 489 omnia
1460 453 1653 502 oportet
1678 449 1879 503 intelligi

564 524 805 574 potestate
848 519 1085 560 militantis
1129 519 1331 559 ecclesie
1368 532 1463 559 non
1503 523 1706 570 errante,
1752 519 1880 572 quod

566 591 714 632 solum
760 594 833 629 est
887 602 1051 629 verum
1103 588 1289 641 quando
1332 588 1504 628 iudicio
1551 587 1878 641 triumphantis

567 659 767 700 ecclesie
813 664 885 699 est
930 657 1203 709 conformis;
1247 670 1343 697 non
1389 657 1511 698 enim
1548 662 1711 711 potest
1748 657 1912 704 aliter5

567 729 752 784 aperire
783 728 965 769 ianuam
996 727 1133 783 regni
1165 727 1371 768 celorum
1395 727 1540 768 eciam
1572 727 1662 768 sibi
1691 727 1795 781 ipsi.
1830 726 1880 768 Si

566 805 722 841 autem
755 798 913 839 claves
950 798 1041 838 iste
1075 798 1230 852 quoad
1260 797 1499 838 materiam
1536 797 1629 838 sint
1659 810 1800 838 verse
1832 797 1881 838 in

566 868 871 910 affeccionem
902 872 1136 908 terrenam
1169 872 1216 907 et
1247 868 1403 921 quoad
1428 867 1623 907 formam
1645 867 1883 907 declinant

565 944 864 980 monstruose
916 950 941 978 a
991 936 1197 977 sciencia
1248 937 1570 990 apostolorum
1626 937 1684 976 ad
1734 941 1880 977 artem

564 1008 761 1061 luciferi,
814 1020 1014 1048 necesse
1058 1012 1130 1048 est
1174 1007 1301 1060 quod
1351 1007 1468 1046 tales
1521 1006 1618 1048 suis
1670 1005 1880 1047 clavibus
1900 1030 1939 1052 10

567 1078 780 1133 aperiant
809 1082 972 1131 portas
1004 1089 1111 1117 suas
1135 1082 1183 1117 et
1204 1076 1524 1131 dogmatizent
1546 1076 1881 1130 discipulorum

568 1161 755 1190 suorum
786 1146 1094 1202 precipicium
1128 1147 1185 1187 ad
1215 1146 1459 1188 infernum.

353 1248 465 1275 peter&
626 1216 892 1272 Quantum}
922 1217 982 1257 ἃᾶ
1011 1216 1208 1257 tercium
1242 1222 1565 1270 argumentum
1588 1216 1646 1257 de
1674 1216 1883 1257 adventu
1924 1228 2002 1274 196¹³

313 1283 458 1310 b⁰¹d¹¹e⁵⁵
478 1283 508 1310 in
565 1288 697 1330 Petri
729 1288 787 1328 ad
809 1287 1045 1328 dominum
1070 1300 1214 1340 super
1236 1300 1378 1340 aquas
1403 1300 1506 1327 cum
1529 1286 1628 1327 aliis
1652 1287 1881 1340 exemplis

286 1318 399 1345 walkin
442 1326 481 1345 on
502 1317 553 1345 the

304 1361 354 1380 ⁵²³
372 1326 517 1386 ssiffiesno
568 1358 805 1400 audaciam
836 1357 969 1398 Petri
1011 1356 1321 1410 signantibus,
1362 1361 1496 1410 patet
1539 1356 1668 1410 quod
1710 1357 1939 1401 docent15

307 1387 442 1415 authorit
485 1391 516 1414 to

338 1396 500 1450 hiSVicyas·
568 1431 625 1470 ad
672 1441 860 1469 sensum
914 1427 1185 1481 expositum
1231 1426 1455 1467 vicarium
1506 1426 1637 1467 Petri
1687 1426 1884 1479 obligari

569 1497 888 1539 diversissime
934 1498 992 1537 ad
1034 1496 1300 1537 faciendum
1338 1496 1561 1537 similiter.
1613 1496 1753 1537 Unde
1790 1509 1884 1537 non

567 1568 708 1609 video
747 1568 985 1621 quomodo
1023 1566 1282 1620 patencius,
1315 1566 1499 1620 turpius
1532 1572 1612 1607 aut
1649 1565 1883 1607 convinci-

567 1638 706 1680 bilius
758 1642 928 1691 posset
976 1650 1101 1690 papa
1150 1638 1355 1677 mendax
1411 1637 1616 1691 allegare
1658 1649 1746 1690 pro
1799 1649 1883 1676 sua

565 1706 915 1763 preeminencia
953 1720 1090 1759 quam
1135 1706 1300 1747 afferre
1341 1706 1489 1748 dictas
1522 1706 1795 1747 autoritates
1827 1706 1884 1746 ad
1901 1727 1943 1749 20

568 1776 975 1820 confirmacionem
1018 1789 1102 1816 sue
1144 1776 1508 1829 preeminencie,
1557 1775 1775 1816 faciendo
1828 1775 1886 1815 ad

566 1860 756 1889 sensum
786 1846 1018 1887 misticum
1057 1845 1124 1886 eis
1158 1845 1454 1900 contrarium,
1494 1846 1602 1899 quia
1631 1846 1723 1886 hoc
1757 1850 1886 1885 esset

568 1917 734 1959 afferre
778 1916 1165 1970 dampnacionem
1209 1929 1338 1956 suam
1383 1929 1443 1955 ex
1475 1915 1636 1956 verbis
1668 1914 1885 1969 propriis·

568 1987 682 2029 Cum
718 1986 864 2040 igitur
901 1985 1161 2026 ambulacio
1199 1985 1330 2026 Petri
1369 1999 1514 2039 super
1551 1998 1692 2039 aquas
1731 1984 1888 2039 signat

568 2055 1007 2111 suppeditacionem
1035 2055 1364 2109 temporalium
1388 2057 1474 2095 sub
1505 2054 1761 2095 affeccione
1797 2068 1886 2109 per
1902 2064 1942 2096 25

568 2140 705 2181 quam
736 2126 858 2167 viam
889 2124 1092 2165 vicarius
1124 2125 1258 2165 Petri
1289 2130 1342 2165 ut
1372 2125 1477 2165 talis
1510 2125 1706 2165 duceret
1738 2125 1885 2165 eccle-

568 2197 681 2238 siam
718 2196 825 2249 plus
863 2195 942 2235 vel
979 2195 1144 2245 minus,
1185 2208 1277 2248 que
1315 2194 1462 2235 maior
1501 2194 1716 2235 confusio
1749 2208 1887 2248 quam

567 2268 773 2320 allegare
809 2265 921 2305 illud
961 2264 1182 2305 iudicium
1222 2278 1284 2305 ex
1320 2265 1430 2318 lege
1461 2263 1653 2305 Domini
1697 2268 1745 2304 et
1783 2277 1887 2304 cum

566 2337 658 2377 hoc
680 2334 889 2376 vivendo
914 2336 1001 2375 sub
1026 2334 1158 2388 aquis
1181 2334 1342 2374 mundi
1372 2333 1654 2387 profundius
1685 2333 1731 2374 in
1763 2333 1889 2375 fastu

571 2411 619 2447 et
662 2410 832 2460 questu
878 2404 1036 2453 seculi,
1081 2403 1359 2457 perplexius
1402 2402 1703 2457 profundari?
1753 2402 1887 2443 Deus
1905 2413 1945 2446 30

570 2475 693 2516 enim
731 2488 792 2515 ex
833 2488 914 2515 ore
952 2473 1148 2528 proprio
1185 2473 1361 2514 iudicat
1396 2472 1662 2513 huiusmodi
1700 2486 1889 2513 servum

306 2559 532 2622 sffiffiffssreaffi
569 2559 781 2600 nequam.
845 2544 896 2586 Si
937 2544 1082 2599 igitur
1126 2543 1366 2598 sequimur
1409 2543 1602 2583 Petrum
1652 2542 1889 2583 moraliter

343 2629 495 2665 example,
569 2629 618 2657 in
640 2615 777 2656 dictis
801 2614 1018 2668 audaciis,
1049 2615 1277 2655 debemus
1302 2618 1599 2667 postponere
1620 2611 1889 2653 vecordiam

572 2685 778 2727 omnium
809 2684 1114 2726 omissionum
1145 2683 1485 2737 temporalium,
1519 2681 1722 2723 omnium
1744 2681 1886 2723 tribu-

643 2830 666 2857 1,
689 2830 715 2850 2.
739 2821 777 2849 B:
800 2821 988 2857 Quicunque.
1064 2820 1106 2850 13.
1129 2820 1151 2848 B
1171 2820 1202 2848 in
1223 2828 1337 2855 marg:
1357 2819 1405 2847 Ad
1422 2827 1454 2854 3.

645 2915 672 2936 1.
699 2904 783 2947 Cap.
800 2904 858 2937 VI.
