2078 3338
282 256 364 304 360

324 2256 392 2283 The
412 2262 493 2290 pope
512 2253 539 2281 is

330 2290 433 2318 bound
456 2294 486 2316 to
508 2290 544 2317 be

1003 261 1226 293 JOHANNIS
1254 261 1437 292 WYCLIF
1686 249 1794 300 [CAP.
1823 258 1888 285 ΧΠ.

572 366 827 419 paracione
886 366 943 405 ad
998 365 1334 406 inconveniens
1393 365 1522 418 quod
1578 364 1780 418 insurgit
1831 377 1893 404 ex

574 435 762 489 legibus
796 440 844 475 et
874 434 1095 488 practicis
1120 434 1241 474 circa
1265 434 1608 475 ecclesiasticas
1631 433 1892 486 porciones.

574 504 796 557 Quamvis
830 510 984 545 autem
1015 509 1209 558 oportet
1243 504 1371 557 quod
1403 516 1553 544 senex
1587 504 1809 543 sacerdos
1833 502 1895 543 sit

577 574 911 628 sumptuosior,
956 579 1111 614 tamen
1160 587 1255 614 non
1288 573 1385 614 vidi
1430 586 1591 613 senem
1623 572 1763 613 talem
1795 572 1895 612 sine

577 657 702 697 pena
732 643 918 697 peccati
949 643 1020 684 sui
1053 657 1077 683 a
1098 643 1302 684 Domino
1328 643 1485 696 quoad
1506 642 1766 695 temporale
1789 644 1928 683 sub-5

577 713 746 753 sidium
783 712 1071 754 derelictum.
1104 713 1190 753 Ille
1222 712 1355 762 enim,
1390 711 1469 765 qui
1491 725 1586 752 non
1614 710 1897 763 derelinquit

574 782 622 822 in
665 781 801 822 bonis
845 782 1057 822 maximis
1100 795 1195 822 non
1238 786 1404 835 potest
1442 781 1645 821 deficere
1683 780 1730 820 in
1760 779 1897 821 bonis

576 850 786 892 minimis.
842 851 1084 892 Presbiter
1125 851 1271 905 igitur
1303 850 1408 892 talis
1442 850 1714 904 decrepitus
1753 852 1898 892 debet

578 934 747 961 cavere
781 921 839 961 de
871 921 1085 972 avaricia,
1125 921 1184 960 de
1218 920 1342 961 omni
1377 920 1652 962 assistencia
1688 919 1898 960 familiari

577 991 655 1030 vel
698 990 991 1032 ministeriali
1034 989 1287 1044 superflua,
1335 995 1383 1030 et
1426 990 1535 1030 dare
1580 1004 1631 1031 se
1677 989 1897 1041 oracioni,
1919 1006 1956 1026 10

580 1060 977 1113 contemplacioni
1021 1065 1068 1100 et
1101 1059 1229 1100 omni
1270 1061 1413 1100 modo
1458 1073 1551 1113 quo
1584 1059 1758 1100 sufficit
1789 1073 1898 1113 pro-

580 1129 719 1171 desse
764 1130 987 1179 ecclesie;
1034 1134 1083 1170 et
1126 1129 1193 1170 sic
1225 1130 1322 1170 vite
1357 1130 1578 1171 sanctitas
1612 1143 1664 1170 ac
1700 1129 1899 1170 ecclesie

581 1198 823 1239 edificacio
870 1199 960 1239 erit
1004 1204 1144 1250 carta,
1187 1199 1563 1253 procuratorium
1608 1213 1660 1239 ac
1697 1198 1901 1239 medium

578 1268 889 1322 interpellans
922 1269 982 1310 ad
1013 1270 1169 1310 Deum
1203 1275 1251 1310 et
1282 1270 1525 1323 populum,
1563 1275 1759 1323 propter
1789 1274 1900 1309 tem-

580 1338 744 1391 porale
768 1339 1028 1380 subsidium
1053 1339 1400 1393 acquirendum,
1434 1339 1501 1380 sic
1524 1339 1652 1393 quod
1679 1340 1901 1379 sacerdos
1922 1343 1958 1376 15

581 1407 806 1448 moriatur
850 1408 1064 1459 clericus,
1111 1409 1300 1450 deserto
1347 1410 1508 1449 seculo
1551 1409 1599 1449 in
1645 1422 1731 1462 spe
1771 1407 1901 1461 spiri-

582 1476 720 1517 tualis
753 1478 995 1531 porcionis
1028 1478 1275 1529 dominice,
1309 1478 1430 1519 sicut
1451 1477 1571 1518 vixit
1595 1476 1904 1531 corporaliter

588 1559 650 1586 ex
682 1548 914 1600 porcione
948 1547 1123 1588 domini
1154 1549 1412 1603 temporali.

638 1616 748 1657 Non
789 1617 934 1671 igitur
979 1617 1214 1671 sequitur:
1270 1618 1471 1658 Multum
1515 1618 1684 1657 malum
1732 1616 1903 1657 exinde

586 1686 900 1741 contingeret,
931 1687 1076 1741 igitur
1107 1701 1202 1728 non
1233 1688 1337 1739 hoc,
1371 1688 1457 1729 sed
1490 1687 1589 1728 eius
1622 1686 1904 1727 contrarium
1922 1705 1963 1726 20

587 1761 660 1796 est
679 1757 948 1798 tenendum.
983 1756 1062 1798 Sic
1087 1757 1208 1798 enim
1241 1759 1299 1797 de
1316 1756 1319 1812 Ι
1338 1762 1598 1798 strueretur
1628 1757 1775 1797 maior
1796 1770 1904 1810 pars

585 1826 745 1880 legum
790 1831 839 1866 et
882 1840 1150 1868 sermonum
1186 1827 1357 1868 Christi
1401 1832 1449 1868 et
1491 1827 1706 1867 facienda
1748 1827 1907 1867 forent

587 1896 706 1936 mala
749 1901 800 1936 ut
842 1899 968 1938 bona
1000 1897 1233 1939 eveniant.
1285 1897 1493 1951 Propter
1530 1896 1638 1937 talia
1667 1896 1813 1950 igitur
1842 1896 1908 1936 in—

590 1966 932 2006 conveniencia
977 1967 1186 2020 expedit,
1232 1967 1360 2020 quod
1401 1967 1553 2007 fidelis
1588 1971 1746 2007 teneat
1778 1979 1831 2006 se
1861 1965 1909 2006 in

587 2035 813 2076 limitibus
856 2036 978 2091 legis
1024 2035 1208 2088 Christi,
1253 2036 1478 2078 videlicet
1521 2049 1615 2076 non
1668 2035 1907 2089 exigendo
1926 2045 1965 2077 25

589 2106 697 2159 plus
742 2106 820 2146 vel
872 2106 1106 2146 attencius
1153 2106 1211 2146 de
1256 2106 1597 2159 temporalibus
1641 2119 1781 2159 quam
1818 2106 1908 2146 hec

592 2176 745 2216 docet

651 2245 887 2298 Quantum
919 2259 1035 2286 vero
1081 2246 1139 2286 ad
1182 2247 1450 2299 gravandos
1496 2245 1683 2286 videtur
1727 2247 1854 2299 quod
1888 2259 1911 2286 a

321 2327 371 2354 the
392 2324 503 2352 honest
522 2324 557 2352 of
594 2329 773 2356 summo
806 2315 1034 2369 pontifice
1068 2329 1218 2369 usque
1252 2317 1308 2355 ad
1338 2315 1576 2355 minimum
1615 2316 1911 2357 sacerdotem

404 2367 484 2394 men,

594 2398 756 2425 omnes
787 2390 991 2438 peccant
1026 2385 1073 2425 in
1105 2385 1382 2439 recipiendo
1414 2386 1540 2426 bona
1571 2398 1832 2438 pauperum
1866 2389 1913 2424 et
1929 2393 1970 2425 30

597 2455 941 2496 ecclesiasticas
987 2455 1258 2508 dignitates,
1309 2469 1413 2496 nam
1458 2455 1657 2509 quilibet
1700 2468 1824 2508 papa
1865 2454 1913 2494 in

596 2530 819 2578 quantum
851 2524 954 2565 talis
978 2530 1168 2566 tenetur
1191 2539 1297 2566 esse
1324 2525 1644 2565 sanctissimus
1666 2524 1912 2573 viatorum,

598 2599 646 2634 et
668 2596 754 2635 sub
776 2594 856 2635 illo
875 2595 1036 2635 colore
1053 2594 1224 2649 accipit
1236 2595 1353 2635 illud
1371 2608 1558 2645 nomem
1584 2595 1710 2648 quod
1726 2593 1914 2634 videtur

667 2753 695 2782 3.
723 2754 824 2783 Codd.
850 2754 882 2782 in
910 2762 1024 2790 marg:
1056 2753 1166 2782 Vivere
1191 2753 1228 2781 de
1252 2762 1312 2789 quo
1339 2756 1447 2789 posset
1471 2754 1627 2788 sacerdos,
1656 2762 1683 2781 st
1710 2753 1827 2781 decime
1852 2761 1914 2781 non

597 2803 703 2828 essent.
781 2809 823 2828 10.
851 2802 895 2828 A:
922 2801 1169 2833 instrumentali,·
1199 2801 1236 2829 13:
1263 2801 1295 2828 in
1321 2801 1551 2829 sacramentali.
1626 2808 1674 2834 24.
1697 2799 1736 2827 B:
1763 2808 1794 2827 se
1818 2799 1914 2827 deest.

600 2846 648 2874 25.
677 2847 715 2875 B:
742 2855 803 2874 non
830 2847 922 2875 deest.
1009 2846 1054 2875 31.
1077 2847 1176 2876 Codd.
1204 2847 1233 2875 in
1261 2855 1372 2882 marg:
1400 2846 1621 2875 Sanc-tissimus
1649 2847 1804 2874 viatorum
1828 2846 1918 2874 debet

594 2901 682 2929 papa
701 2902 772 2922 esse.

1945 1767 2011 1799 250

2014 1764 2028 1782 d
