2078 3338
198 270 287 298 CAP.
314 258 396 316 ΧΠ]
588 273 646 305 DE
675 273 956 306 POTESTATE
982 276 1115 307 PAPE.

253 376 393 418 Unde
439 384 784 432 consequenter
825 379 1168 432 profundantur
1210 381 1256 421 in
1293 382 1509 435 heresim,

197 447 277 501 qui
309 446 473 488 dicunt
505 448 634 501 quod
673 453 821 489 status
855 449 1116 491 dotacionis
1155 451 1215 492 sit
1246 452 1511 505 perfeccior

196 529 331 570 quam
365 521 514 557 status
549 517 970 570 expropriacionis,
1013 524 1060 559 et
1090 533 1177 573 per
1210 533 1510 574 consequens

194 587 275 626 lex
306 586 487 639 papalis
521 600 612 640 qua
644 587 880 628 stabilitur
913 588 1101 629 dotacio
1143 595 1214 630 est
1244 591 1512 644 perfeccior

162 667 333 709 §quam
376 656 457 696 lex
502 655 686 707 Christi,
739 671 829 711 qua
880 658 1104 699 suadetur
1157 659 1510 713 expropriaci03

194 739 299 766 nam
331 731 382 766 ut
412 725 627 779 inquiunt
659 727 748 767 iste
784 727 874 767 due
905 728 1041 782 leges
1076 734 1122 769 et
1144 729 1222 769 isti
1247 730 1339 771 duo
1361 735 1509 771 status

195 795 568 836 convertibiliter
599 809 651 836 se
684 802 959 850 sequuntur,
1005 798 1114 851 quia
1152 799 1284 839 aliter
1318 799 1507 840 omnino

192 864 507 919 superflueret
549 866 629 906 lex
671 867 870 907 humana
915 873 963 908 et
1000 881 1244 909 venenose
1289 875 1510 922 pasceret

191 935 422 989 populum
465 935 739 989 postposito
779 938 928 977 verbo
967 937 1077 980 vite.
1137 937 1346 992 Oportet
1387 940 1509 980 enim

139 1030 177 1051 10
191 1005 422 1058 populum
453 1004 580 1046 illum
607 1005 710 1059 regi
732 1006 881 1060 magis
903 1006 1164 1058 intendere,
1199 1007 1329 1049 cuius
1351 1009 1508 1063 legem

66 1088 148 1129 246⁰
190 1075 525 1129 preponderat,
572 1075 680 1128 quia
722 1076 801 1116 lex
830 1077 835 1128 Ι
865 1081 913 1117 et
944 1081 1093 1118 status
1132 1091 1272 1130 quem
1317 1079 1506 1132 stabilit,

192 1157 243 1184 se
287 1144 490 1185 invicem
535 1151 903 1199 consequuntur.
952 1146 1092 1187 Unde
1135 1147 1324 1189 videtur
1369 1148 1508 1189 michi

188 1219 300 1255 nota
330 1213 619 1256 infidelitatis
664 1220 711 1255 et
743 1216 908 1256 dolosa
953 1217 1182 1258 calliditas
1213 1218 1507 1271 Antichristi,

191 1284 319 1338 quod
381 1284 556 1325 domini
616 1286 903 1338 temporales
965 1291 1176 1327 statuunt
1238 1287 1328 1328 sibi
1388 1288 1506 1329 tales

137 1360 407 1408 15past0res
453 1359 500 1394 et
542 1355 818 1409 prophetas,
872 1355 952 1409 qui
1000 1362 1048 1396 et
1092 1362 1236 1397 artem
1278 1358 1507 1411 pascendi

189 1425 412 1478 ignorent
445 1429 492 1465 et
529 1430 786 1478 preparent
818 1426 896 1466 vel
934 1424 1195 1467 inordinate
1234 1428 1311 1468 vel
1343 1428 1505 1468 toxice

189 1495 344 1536 cibum
375 1494 556 1535 mentis.
613 1494 808 1536 Constat
847 1500 1000 1536 autem
1039 1510 1100 1536 ex
1130 1497 1223 1537 fide
1269 1497 1502 1551 scripture

188 1565 317 1618 quod
360 1563 508 1604 anima
550 1563 760 1617 pascitur
802 1566 949 1605 verbo
991 1565 1105 1617 Dei;
1158 1567 1307 1607 verba
1349 1573 1504 1608 autem

187 1635 273 1675 alia
317 1640 425 1675 sunt
466 1648 704 1675 venenum
748 1635 915 1682 anime;
962 1649 1066 1676 cum
1111 1641 1265 1677 autem
1308 1650 1399 1677 non
1435 1637 1502 1678 sic

129 1726 170 1748 20
187 1704 404 1745 ordinant
434 1718 522 1758 pro
549 1718 666 1745 coco
692 1710 738 1745 et
761 1705 867 1746 cibo
905 1706 1133 1759 corporis,
1169 1711 1217 1747 et
1245 1707 1503 1747 secundum

187 1774 546 1828 Crysostomum
582 1776 755 1828 prelati
791 1777 945 1816 debent
982 1789 1075 1817 esse
1104 1778 1363 1818 stomachus
1398 1789 1501 1817 cor-

177 1846 311 1899 poris
361 1846 537 1886 ecclesie
587 1849 627 1886 et
677 1857 806 1886 cocus
848 1847 1161 1888 membrorum
1206 1848 1315 1899 eius,
1368 1852 1502 1900 patet

185 1920 357 1969 quanta
386 1915 667 1956 infidelitate
698 1916 913 1956 laborant
944 1916 1105 1956 mundi
1135 1916 1390 1970 principes,
1423 1916 1502 1970 qui

182 1986 290 2039 plus
349 1985 682 2039 appreciantur
735 1991 875 2040 atque
925 1988 1281 2040 preponderant
1337 2000 1501 2027 cocum

127 2066 166 2099 25
185 2054 395 2108 corporis
429 2068 546 2095 coco
586 2055 769 2096 mentis.
824 2055 897 2096 Illi
930 2061 1095 2102 autem,
1136 2069 1335 2109 quorum
1364 2056 1499 2096 Deus

181 2129 350 2165 venter
382 2129 467 2175 est,
505 2137 601 2165 non
640 2130 750 2165 sunt
780 2124 862 2165 filii
893 2124 1037 2178 pacis,
1077 2138 1182 2165 cum
1219 2139 1318 2178 pax
1349 2125 1501 2179 prima

184 2207 287 2234 cum
310 2194 416 2234 Deo
442 2193 722 2234 dissolvitur.
753 2193 816 2235 Et
845 2193 892 2234 in
913 2194 1006 2234 isto
1038 2193 1309 2235 notabiliter
1341 2194 1500 2234 deficit

183 2265 353 2304 doctor
382 2263 495 2304 fidei
518 2263 777 2306 christiane.
812 2263 1016 2318 Oportet
1038 2264 1160 2304 enim
1187 2264 1340 2318 primo
1362 2264 1498 2304 recti-

180 2334 319 2374 ficare
350 2333 399 2374 in
432 2333 631 2374 ecclesia
664 2334 906 2387 apostolos
939 2339 987 2374 et
1017 2334 1277 2387 prophetas
1311 2339 1357 2374 et
1390 2347 1497 2374 con-

125 2415 166 2448 30
182 2409 439 2458 sequenter
469 2403 709 2444 residuum
733 2404 947 2457 corporis
981 2404 1182 2445 ecclesie
1215 2404 1304 2445 erit
1325 2417 1497 2446 sanum.

180 2473 253 2514 Illi
284 2479 439 2515 autem
471 2473 734 2514 stabilirent
758 2474 850 2514 hoc
879 2474 1196 2515 necessarium
1218 2473 1497 2527 principium

178 2543 291 2583 fidei
341 2543 479 2583 modo
532 2542 835 2584 discreditum
884 2548 1085 2597 propter
1137 2542 1497 2584 excecacionem

180 2612 391 2666 pulveris
422 2612 763 2666 temporalium,
809 2613 937 2666 quod
981 2612 1179 2666 quilibet
1217 2612 1495 2654 christianus

250 2827 294 2846 10.
314 2818 354 2846 B:
382 2820 456 2855 legi.
534 2828 572 2847 11.
601 2819 640 2847 B:
665 2819 907 2854 preponderant.
982 2827 1030 2847 20.
1059 2818 1158 2847 Codd.
1187 2819 1218 2846 in
1245 2826 1360 2854 marg:
1384 2818 1495 2846 Cocum

178 2865 318 2900 corporis
345 2867 613 2901 preponderantes
645 2873 719 2893 coco
751 2866 859 2893 mentis
886 2868 1016 2900 peccant
1045 2865 1196 2901 graviter.
1289 2872 1336 2900 27.
1372 2864 1408 2892 B:
1441 2865 1494 2892 de-

184 2910 271 2945 fecit.

1719 283 1797 320 341

1554 392 1601 420 To
1622 394 1767 422 advocate

1560 428 1759 456 endowment

1559 462 1585 489 is
1605 471 1622 490 a
1644 464 1765 500 heresy.

1554 1575 1652 1603 God’s
1672 1576 1758 1604 word

1535 1609 1560 1637 is
1580 1610 1630 1638 the
1649 1611 1723 1638 food
1744 1611 1776 1639 of

1581 1645 1631 1673 the
1651 1646 1730 1673 soul.
