2078 3338
181 291 270 319 CAP.
294 283 377 333 XII]
578 293 638 324 DE
664 291 945 324 POTESTATE
971 291 1102 323 PAPE.
1703 294 1782 333 357

179 397 288 439 vitis
320 402 504 451 patrum
536 401 589 436 ut
620 396 794 437 sanctis
826 396 1079 438 monachis.
1121 395 1171 437 Si
1204 401 1357 436 autem
1389 396 1494 436 talis

178 467 353 520 patitur
396 479 566 520 penam
612 466 687 506 vel
732 465 969 505 defectum
1015 465 1242 519 corporis,
1286 471 1338 506 ut
1380 479 1494 519 sepe

181 535 382 589 contigit
415 536 471 576 de
496 534 681 576 Christo
716 540 762 575 et
794 534 889 576 suis
913 534 1156 588 apostolis,
1188 535 1279 575 hoc
1309 540 1496 575 servata

178 605 419 659 paciencia
440 605 671 645 redundat
692 604 739 644 in
760 605 940 644 lucrum
964 604 1126 654 anime,
1148 604 1258 644 ideo
1284 604 1494 645 Christus

146 681 161 712 5
178 688 272 715 non
294 674 485 716 tradidit
507 675 664 728 legem
687 676 731 715 in
754 674 923 715 talibus
945 673 1223 724 reluctandi,
1247 675 1331 714 sed
1351 674 1493 714 humi-

177 745 285 785 liter
326 743 519 785 iniurias
562 744 794 798 paciendi,
838 749 889 785 ut
932 748 1065 798 patet
1107 743 1236 783 Luce
1269 743 1362 783 IX:
1410 744 1495 784 sed

177 813 430 854 infideliter
443 813 578 854 istam
599 814 754 868 legem
773 812 945 854 Christi
967 812 1355 866 contempnimus
1380 812 1495 854 Cum

176 883 319 936 igitur
335 883 527 924 discolis
543 897 638 923 non
657 884 829 924 desunt
848 882 991 923 hodie
1005 883 1292 936 temporalia,
1317 888 1493 936 quanto

175 952 324 1006 magis
346 953 479 993 Deus
503 966 596 993 non
618 952 806 993 deficiet
827 952 874 993 in
905 951 1185 993 necessariis
1219 965 1358 992 servo
1392 965 1491 993 suo.

124 1042 161 1062 10
177 1021 274 1063 Sed
326 1027 519 1075 oportet
569 1022 617 1062 in
667 1022 758 1062 isto
814 1021 1012 1062 confuso
1064 1021 1311 1062 involucro
1365 1022 1493 1075 quod

177 1090 455 1131 christianus
479 1096 646 1131 caveat
668 1091 725 1131 de
748 1090 920 1145 triplici
940 1090 1167 1144 periculo,
1190 1091 1341 1144 primo
1364 1092 1493 1145 quod
1548 1089 1615 1117 The
1635 1089 1739 1124 Clesgy

1508 1124 1619 1151 should
1642 1129 1695 1151 not
1715 1125 1782 1152 take

177 1160 373 1201 clericus
426 1160 597 1201 Christi
650 1174 744 1200 non
797 1160 980 1201 ocietur
1032 1160 1309 1214 accipiendo
1353 1161 1491 1201 avide
1570 1159 1710 1193 Stipessds

176 1229 461 1283 stipendium
494 1229 594 1270 sine
626 1229 908 1281 ministerio;
953 1230 1045 1270 hoc
1079 1229 1201 1270 enim
1234 1231 1493 1271 secundum
1536 1194 1742 1264 mivnvfstffiffig·

173 1300 331 1352 legem
352 1299 447 1340 Dei
470 1304 518 1339 et
545 1299 782 1340 hominum
807 1305 879 1340 est
903 1299 1145 1348 iniustum3
1178 1312 1267 1339 nec
1291 1300 1349 1339 ad
1378 1300 1494 1340 illud

121 1380 158 1413 15
176 1369 550 1424 extinguendum
582 1369 822 1410 ordinatur
855 1369 1044 1423 aliquod
1079 1368 1361 1423 suffragium.
1411 1368 1493 1411 Se-

176 1440 329 1480 cundo
364 1440 491 1493 quod
522 1440 568 1479 in
601 1453 819 1480 mensura
853 1444 901 1480 et
943 1453 1039 1479 non
1081 1439 1127 1479 in
1172 1439 1492 1493 superhabun-

175 1510 338 1550 dancia
390 1509 647 1563 accipiatur
698 1509 757 1550 de
803 1510 912 1550 fimo
965 1509 1309 1563 temporalium,
1360 1509 1493 1551 iuxta

174 1579 434 1620 doctrinam
473 1579 696 1633 Apostoli
726 1579 875 1633 prima
904 1579 1068 1633 Thym.
1090 1578 1173 1629 VI,
1208 1582 1231 1619 8
1269 1580 1488 1634 habentes,
1532 1587 1620 1625 They
1642 1589 1753 1616 should

171 1649 335 1703 inquit,
380 1651 600 1690 alimenta
644 1653 683 1690 et
726 1650 885 1702 quihus
927 1653 1140 1702 tegamur
1175 1650 1264 1690 hiis
1300 1651 1491 1691 conteuti
1516 1627 1768 1686 n⁰t1i1⁶u⁶51¹1³ft⁰⁰

115 1720 328 1761 2osz'mns.
379 1719 519 1759 Unde
563 1721 732 1761 beatus
768 1718 1104 1772 Crysostomus
1150 1732 1295 1772 super
1336 1719 1487 1772 primo

175 1803 273 1842 cap.
307 1789 365 1829 ad
397 1789 619 1829 Hebreos
651 1788 788 1830 Hom.
820 1788 866 1828 Π
900 1788 1023 1839 dicit,
1058 1790 1183 1842 quod
1215 1790 1491 1830 christianus

170 1860 291 1900 debet
320 1871 481 1911 sapere
512 1859 559 1899 in
585 1859 800 1912 penuria,
832 1871 920 1899 non
956 1859 1003 1899 in
1047 1859 1240 1911 diviciis,
1273 1860 1488 1911 quoniam

168 1930 245 1981 qui
294 1929 341 1969 in
387 1929 554 1981 paucis
597 1932 742 1981 potest
783 1929 944 1978 vivere,
995 1941 1041 1969 eo
1085 1930 1162 1980 qui
1217 1941 1306 1969 uon
1343 1932 1488 1981 potest

168 2000 308 2040 multo
352 1999 506 2039 maior
549 2002 587 2039 et
619 1999 782 2039 melior
825 2002 899 2040 est.
944 1998 1010 2038 Ut
1048 1997 1087 2038 si
1119 2003 1395 2039 vocatorum
1430 1999 1489 2039 ad

111 2077 152 2110 25
168 2069 373 2123 regalem
439 2067 670 2108 civitatem
718 2067 781 2108 hii
829 2081 918 2108 nec
963 2067 1290 2121 subiugalibus
1343 2074 1487 2122 egent

49 2146 130 2180 250³
166 2151 254 2179 nec
284 2138 467 2179 famulis
499 2151 587 2178 nec
618 2138 769 2191 palliis
801 2151 889 2178 nec
922 2138 980 2178 de
1003 2136 1006 2193 Ι
1030 2137 1252 2179 versoriis
1277 2150 1365 2178 nec
1400 2140 1485 2179 cal-

165 2208 274 2263 ligis
306 2222 394 2248 nec
417 2208 555 2258 vasis,
589 2208 675 2249 sed
697 2208 899 2248 sufficiat
931 2207 997 2248 eis
1029 2221 1198 2261 panem
1229 2208 1405 2248 habere
1439 2214 1487 2249 et

169 2292 230 2318 ex
261 2278 472 2318 fontibus
506 2291 666 2331 aquam
701 2277 936 2331 accipere;
969 2277 1035 2318 illi
1066 2290 1181 2317 vero
1215 2277 1376 2317 dicunt
1397 2278 1486 2318 nisi

167 2347 398 2401 vehicula,
446 2352 700 2388 stramenta
736 2347 904 2398 mollia,
943 2360 1234 2388 numerosam
1265 2347 1485 2387 familiam

112 2426 152 2458 30
165 2418 434 2468 habeamus,
466 2431 561 2457 non
583 2430 848 2470 possumus,
882 2422 929 2458 et
961 2417 1111 2457 adhuc
1141 2416 1349 2457 remissis
1380 2418 1484 2457 bre-

167 2487 305 2528 vibus
331 2492 378 2528 et
404 2487 700 2540 interpolatis
722 2486 953 2540 passibus,
979 2486 1215 2527 civitatem
1238 2486 1483 2539 attingere.

168 2556 219 2599 Si
249 2557 444 2611 insuper
477 2558 584 2597 dum
624 2557 863 2598 civitatem
903 2556 1156 2611 attigerint,
1197 2556 1290 2597 sint
1321 2570 1481 2597 secun-

169 2627 276 2667 dum
323 2627 610 2668 celeritatem
662 2632 710 2667 et
748 2627 1110 2680 expedicionem
1149 2628 1205 2666 ad
1246 2626 1482 2667 civitatem

238 2786 281 2815 18.
304 2787 404 2814 Codd.
425 2787 455 2814 iu
477 2795 591 2822 marga
619 2787 716 2814 Victus
731 2787 875 2822 parcitas
895 2789 924 2814 et
941 2788 1078 2821 sumptus
1099 2787 1154 2820 (Ax
1175 2786 1340 2813 secundum
1361 2786 1481 2814 beatum

169 2833 424 2869 Crisogonumll.
500 2842 544 2861 21.
566 2833 683 2861 Codd.:
703 2833 823 2861 Moralz'
839 2832 877 2860 ll.
967 2833 1015 2861 26.
1039 2832 1156 2861 Codd.:
1181 2832 1386 2861 Diversionis.

237 2926 290 2949 21.
317 2916 408 2958 Opp.
435 2922 519 2949 tom.
544 2917 614 2957 XII,
642 2915 695 2950 26.
