2078 3338
204 265 295 294 CAP.
316 255 384 311 xi]
595 268 652 298 DE
679 267 961 299 PoTEsTATE
988 268 1118 300 PAPE.

207 377 280 412 est
312 372 428 411 ordo
461 371 677 412 vestium.
722 371 823 413 Sex
868 371 991 411 enim
1038 377 1312 412 ornamenta
1349 373 1524 413 habent

206 441 443 495 simplices
489 442 763 482 sacerdotes
795 441 843 482 in
880 441 1040 493 missa,
1074 441 1256 482 scilicet
1300 441 1523 493 amictam,

207 512 371 563 albam,
424 524 601 563 zonam,
654 511 949 565 manipulam,
1002 511 1170 551 stolam
1216 516 1265 551 et
1307 513 1525 553 casulam.

206 580 303 620 Per
345 580 559 621 amictam
602 586 792 621 notatur
837 580 1052 622 custodia
1098 594 1322 621 sensuum
1374 594 1525 621 sacer-

174 650 346 703 5dotis,
408 651 515 704 quia
564 650 679 691 illud
740 656 1066 691 ornamentum
1116 651 1238 704 tegit
1283 656 1426 705 caput
1481 657 1528 692 et

209 721 393 771 collum,
435 721 483 761 in
516 735 609 774 quo
653 727 763 762 sunt
795 734 960 762 omnes
994 734 1182 770 sensus;
1228 721 1295 761 sic
1330 721 1528 762 clericus

209 790 357 831 debet
377 791 535 831 velare
560 805 723 832 omnes
747 805 915 832 sensus
939 797 987 832 et
1010 791 1279 845 specialiter
1309 797 1528 845 tempore

208 859 363 911 misse,
373 874 431 901 ne
442 861 715 902 adulterinis
726 861 1084 902 sensacionibus
1093 867 1298 915 temptet
1310 867 1529 912 mentem,

210 943 299 970 nec
333 931 515 981 collum,
547 931 595 971 in
627 945 721 985 quo
756 937 829 972 est
850 944 1079 985 organum
1111 931 1258 983 vocis,
1298 931 1531 972 ministret

157 1017 196 1038 10
210 1013 380 1041 vocem
403 1002 459 1041 ab
483 1000 787 1042 interioribus
810 1002 868 1042 ad
889 1001 1062 1042 vicium
1085 1001 1257 1055 lingue.
1282 1001 1380 1043 Sed
1400 1001 1533 1042 iuxta

210 1070 342 1110 Petri
363 1070 558 1111 monita:
593 1070 644 1112 Si
678 1072 778 1125 qm's
798 1073 1008 1124 loquitur,
1029 1072 1162 1124 quasi
1193 1084 1426 1112 sermones
1446 1071 1533 1112 Dei

211 1140 361 1193 prima
381 1140 509 1182 Petr.
533 1140 615 1189 IV,
646 1155 659 1180 1
676 1156 707 1183 1.
731 1141 893 1182 Verba
916 1141 1040 1182 enim
1063 1141 1328 1182 sacerdotis
1352 1142 1533 1181 debent

214 1223 320 1251 esse
355 1210 665 1264 evangelium.
708 1211 835 1251 Alba
882 1210 1082 1257 camisia,
1128 1224 1221 1264 que
1266 1216 1340 1250 est
1371 1210 1535 1250 stricta

211 1278 338 1320 linea
366 1280 414 1320 in
446 1281 600 1321 veteri
629 1286 916 1322 testamento
950 1281 1107 1335 signat
1138 1280 1295 1320 omnia
1327 1281 1536 1320 membra

161 1350 431 1403 15corporis
472 1351 733 1392 sacerdotis
768 1351 928 1392 divino
963 1350 1166 1391 servicio
1211 1350 1535 1403 mancipanda.

216 1418 315 1460 Sed
347 1425 564 1474 tempore
597 1421 801 1462 ecclesie
822 1421 1096 1473 Judeorum,
1130 1420 1209 1474 qui
1242 1420 1410 1474 spiritu
1443 1433 1535 1460 ser-

215 1490 380 1530 vitutis
425 1497 558 1531 erant
601 1491 793 1542 astricti,
839 1497 939 1532 erat
981 1491 1071 1531 hec
1102 1490 1262 1531 tunica
1306 1490 1537 1541 striccior,

217 1574 355 1613 quam
388 1567 461 1602 est
491 1562 648 1614 modo,
695 1562 884 1615 quando
919 1561 1163 1602 dilatamur
1193 1561 1414 1602 libertate
1447 1574 1538 1614 qua

91 1634 173 1670 232‘1
218 1629 431 1671 Christus
461 1630 465 1686 Ι
493 1644 580 1671 nos
602 1631 835 1673 liberavit.
869 1630 966 1673 Sed
990 1631 1099 1685 quia
1120 1630 1327 1684 surrepit
1350 1631 1535 1671 ommis-

161 1717 202 1738 20
218 1699 363 1740 sionis
427 1701 741 1755 negligencia,
806 1715 910 1741 cum
971 1700 1250 1741 inordinatis
1312 1700 1538 1754 operibus

219 1775 646 1824 quantumcumque
680 1770 840 1812 divino
874 1770 1020 1811 cultui
1051 1770 1385 1824 mancipemur,
1428 1770 1538 1810 ideo

220 1846 387 1893 quarto
448 1841 643 1895 ponitur
696 1841 744 1881 in
796 1841 984 1882 sinistra
1039 1854 1180 1881 manu
1231 1840 1418 1893 mapula
1461 1841 1540 1880 vel

219 1910 465 1964 manipula,
518 1912 749 1952 denotans
803 1911 933 1964 quod
986 1912 1154 1951 crebro
1209 1910 1438 1950 debemus
1482 1912 1539 1950 ab

222 1979 369 2021 oculis
401 1980 573 2021 mentis
605 1982 774 2022 sordes
807 1982 1097 2034 abstergere,
1143 1984 1191 2019 et
1224 1985 1386 2020 contra
1418 1979 1543 2020 facta

165 2050 408 2102 25sinistre
441 2056 719 2104 perpetrata
763 2050 822 2091 ad
854 2063 1000 2104 opera
1030 2049 1216 2103 penalia
1247 2050 1394 2102 gratis
1428 2050 1542 2090 obli-

222 2120 420 2175 gacione
442 2126 679 2175 perpetua
694 2133 782 2161 nos
796 2133 975 2174 parare.
999 2119 1138 2160 Unde
1163 2119 1326 2173 quinto
1351 2119 1545 2160 assumit

223 2190 391 2231 stolam
423 2191 525 2231 sive
557 2190 773 2242 orarium,
818 2203 911 2244 que
945 2190 1068 2230 collo
1102 2189 1364 2230 sacerdotis
1395 2189 1543 2243 impo-

224 2260 324 2311 sita,
358 2260 527 2315 signat,
573 2262 702 2315 quod
733 2261 867 2301 iuxta
899 2259 1145 2301 consilium
1179 2259 1351 2301 Christi
1381 2259 1544 2301 Matth.

223 2331 300 2371 XI
339 2345 390 2383 29
444 2331 633 2372 sustulit
674 2344 814 2385 super
855 2344 902 2372 se
944 2331 1107 2383 iugum
1151 2330 1341 2371 Domini
1383 2331 1545 2382 longe-

170 2420 211 2452 30
226 2401 446 2442 nimitatis
471 2401 804 2443 sufferendum.
824 2401 966 2454 Quod
981 2406 1136 2442 autem
1151 2401 1274 2440 stola
1290 2400 1547 2440 cancellata

225 2485 315 2526 per
359 2472 593 2513 anteriora
640 2471 903 2525 descendit,
948 2471 1104 2525 signat
1148 2471 1277 2524 quod
1321 2470 1547 2510 sacerdos

227 2541 418 2582 sustulit
461 2555 649 2583 crucem
693 2555 823 2583 suam
869 2541 1112 2595 sequendo
1160 2540 1408 2593 Christum,
1459 2552 1548 2593 per

301 2687 324 2707 1.
347 2678 446 2707 Codd.
467 2679 498 2706 in
521 2687 635 2715 marg:
660 2678 849 2707 Ornamenta
867 2686 922 2706 sex
940 2678 1124 2706 sacerdotis.
1199 2685 1226 2705 2.
1249 2677 1349 2704 Codd.
1370 2676 1401 2703 in
1428 2684 1547 2712 marg:

230 2726 359 2753 Amz'cta.
436 2734 478 2753 10.
507 2726 545 2753 B:
572 2726 610 2753 ab
629 2724 844 2754 veterioribus.
921 2733 961 2752 11.
984 2725 1083 2752 codd.
1111 2725 1142 2752 in
1170 2731 1283 2758 marg:
1306 2723 1381 2750 Alba
1402 2722 1550 2755 camisias

232 2774 259 2799 A
270 2772 301 2798 in
314 2780 410 2806 marg.
422 2782 428 2799 :
440 2770 558 2799 Estimo
571 2773 653 2807 quod
663 2772 799 2807 scriptor
810 2772 914 2799 omisit
925 2772 1166 2798 misticacionem
1178 2770 1215 2797 de
1225 2778 1314 2806 zona.
1384 2777 1433 2796 22.
1447 2768 1549 2796 Codd.

231 2819 262 2846 in
282 2827 396 2854 marg:
418 2819 518 2847 Stolo.
593 2827 643 2855 29,
664 2818 712 2847 30.
735 2819 772 2846 B:
794 2818 1026 2855 longanimitas.

302 2914 334 2944 4.
363 2903 413 2935 Cf.
441 2909 474 2934 et
500 2903 689 2944 Hugonem
716 2904 766 2934 De
785 2903 996 2934 Sacrament.
1023 2902 1060 2941 ΙΙ,
1087 2911 1120 2943 p.
1142 2901 1197 2940 IV,
1225 2910 1299 2942 cap.
1319 2900 1362 2931 IX
1392 2906 1424 2930 et
1450 2910 1550 2941 seqq.

1732 261 1808 310 287

1585 382 1767 410 Vestments

1545 425 1693 445 common
1714 422 1744 444 to
1765 417 1802 444 all

1582 452 1693 487 priests
1714 452 1773 479 and

1640 487 1719 514 their

1571 522 1780 557 significance,

1578 814 1645 841 The
1665 814 1784 841 Amice.

1608 1292 1675 1320 The
1695 1291 1766 1319 Alb.

1571 1795 1639 1823 The
1660 1792 1806 1827 Maniple.

1610 2202 1677 2229 The
1699 2200 1792 2229 Stole.
