2078 3338
192 293 284 321 CAP.
312 281 393 338 m]
590 295 647 326 DE
676 293 955 331 PQTESTATE
982 293 1114 325 PAPE.
1715 295 1795 334 345

193 401 510 441 canonicatum
560 400 743 440 contulit
779 397 1084 452 preferendus
1116 404 1177 438 est
1222 398 1263 438 ei
1305 399 1375 437 cni
1421 410 1510 438 non

191 470 312 510 dedit
342 470 676 517 canonicatum,
711 470 949 522 ignorante
982 470 1206 508 executore
1248 468 1349 519 quis
1372 467 1511 520 prins

189 539 513 592 impetraverit.
567 537 618 579 Si
649 545 799 580 antern
832 539 921 578 sint
946 550 1091 590 pares
1121 538 1168 577 in
1195 537 1375 590 gracia,
1408 549 1509 589 qno-

191 610 253 649 ad
272 609 487 659 forinarn
518 610 612 649 stili
637 609 842 662 papalis,
878 610 919 649 is
949 609 1026 660 qni
1066 608 1202 660 prins
1233 608 1512 660 presentavit

158 683 174 716 5
191 679 276 719 erit
300 679 463 731 pocior
493 679 540 718 in
567 679 812 731 prebenda.
845 677 900 719 Et
920 679 1056 719 tercio
1078 678 1120 718 si
1142 677 1512 730 eqnalesfnerint

190 749 239 788 in
268 748 357 788 hiis
377 748 533 797 tribus,
566 751 670 788 tnnc
690 748 910 798 canonici,
942 748 1101 800 quibas
1123 750 1292 800 spectat
1313 747 1511 800 collacio,

190 818 258 858 vel
308 818 462 857 niaior
506 830 625 869 pars
675 830 834 858 eornm
885 820 1059 857 tenetur
1110 817 1287 869 eligere,
1340 817 1510 868 reliquo

191 889 370 927 carente
388 886 554 938 fructu
580 887 740 938 gracie
770 886 862 926 nisi
893 899 944 926 ex
974 889 1125 926 tenore
1154 886 1402 938 papalinrn
1434 886 1509 925 Zit-

191 959 400 997 teraritin
451 968 655 1008 expresse
706 959 948 1009 appareat,
999 956 1118 1008 qnod
1166 968 1292 1008 papa
1335 955 1513 1007 utrique

139 1048 176 1068 10
190 1027 378 1067 illoram
409 1026 599 1066 voluerit
624 1026 880 1078 providere.

249 1095 346 1136 Ista
379 1100 533 1136 autem
577 1095 861 1135 trimembris
894 1094 1094 1135 maxima
1117 1094 1305 1135 videtur
1334 1094 1382 1134 in
1409 1099 1511 1135 toto

192 1178 300 1205 esse
331 1165 613 1219 principium
647 1170 810 1205 contra
837 1164 1086 1215 Christum,
1120 1164 1228 1217 quia
1259 1164 1511 1217 supposito

190 1235 313 1275 sicut
343 1235 390 1275 in
421 1234 587 1275 maiori
617 1240 753 1288 parte
788 1233 1033 1288 contingit,
1074 1233 1203 1287 quod
1240 1233 1512 1287 prepositus

188 1304 237 1344 in
270 1304 547 1344 canonicatu
579 1305 657 1344 vel
688 1310 919 1357 tempore,
957 1303 1005 1344 in
1035 1302 1401 1357 presentacione
1435 1304 1513 1343 vel

140 1386 174 1417 15
192 1374 466 1416 ostensione
488 1374 666 1427 gracie,
699 1375 777 1414 vel
808 1373 959 1414 tercio
988 1373 1035 1414 in
1059 1372 1246 1426 capitali
1270 1372 1511 1413 eleccione

191 1444 252 1485 sit
282 1444 465 1497 reliquo
501 1443 846 1497 quantumlibet
888 1443 1123 1497 indignior
1155 1444 1312 1496 quoad
1344 1443 1512 1494 Deum,

73 1528 155 1567 247³
190 1519 303 1555 tunc
337 1528 398 1554 ex
429 1514 519 1555 ista
546 1512 551 1568 1
580 1513 779 1554 maxima
810 1512 1092 1554 Antichristi
1136 1513 1282 1554 debet
1317 1513 1513 1555 iudicari

192 1590 358 1624 contra
391 1584 562 1625 Christi
592 1583 829 1625 iudicium.

249 1654 321 1694 Ex
347 1668 439 1708 quo
461 1653 706 1695 manifeste
730 1653 943 1707 sequitur
966 1653 1096 1706 quod
1117 1654 1207 1693 hoc
1230 1652 1512 1693 Antichristi

135 1743 177 1766 20
191 1724 397 1778 porisma
428 1724 488 1764 sit
519 1724 729 1777 iniquum
763 1729 926 1764 contra
957 1723 1187 1765 iusticiam
1220 1729 1268 1764 et
1294 1736 1382 1777 per
1405 1736 1512 1763 con-

192 1807 400 1847 sequens
434 1799 597 1834 contra
629 1793 877 1834 Christum.

248 1863 324 1903 Ex
368 1877 460 1917 quo
505 1868 639 1917 patet
683 1862 890 1913 ulterius,
944 1863 1073 1916 quod
1124 1862 1184 1904 sit
1228 1876 1252 1902 a
1293 1862 1512 1903 fidelibus

191 1940 429 1987 tamquam
471 1933 729 1973 hereticum
780 1932 1119 1986 abrogandum,
1173 1938 1220 1973 et
1269 1945 1356 1986 per
1408 1945 1513 1972 con-

193 2017 398 2057 sequens
430 2016 554 2056 papa
585 2016 681 2043 non
714 2003 858 2043 debet
889 2016 977 2056 pro
1010 2008 1114 2044 toto
1144 2002 1317 2042 mundo
1351 2015 1512 2042 secun-

141 2083 176 2115 25
195 2074 302 2113 dum
333 2073 487 2127 ipsum
519 2073 806 2126 generaliter
839 2086 1003 2113 causas
1037 2072 1388 2113 ecclesiasticas
1421 2076 1511 2111 ter-

192 2143 380 2184 minare.
411 2143 472 2183 Et
502 2143 626 2183 idem
661 2148 733 2182 est
766 2148 1094 2196 argumentum
1118 2142 1176 2181 de
1209 2141 1513 2195 generalibus

192 2214 352 2268 legum
413 2225 639 2265 paparum
700 2212 961 2265 principiis,
1026 2217 1073 2251 et
1132 2211 1403 2264 specialiter
1455 2211 1513 2250 de
1597 2221 1730 2260 Godless

194 2282 406 2322 maximis
437 2282 671 2322 Bonifacii
706 2281 825 2322 VIII
856 2282 903 2322 in
936 2280 1101 2332 Sexto,
1141 2294 1233 2334 que
1266 2280 1514 2320 manifeste
1546 2257 1788 2319 ssoffffilsse‘im

196 2352 391 2393 obviant
411 2352 508 2407 legi
529 2352 634 2392 Dei.
668 2351 776 2392 Non
809 2352 930 2392 enim
962 2351 1210 2405 preferunt
1240 2364 1328 2390 nec
1361 2349 1515 2391 sciunt

138 2433 180 2465 30
194 2421 409 2475 preferre
444 2435 583 2475 quem
615 2421 749 2462 Deus
782 2421 1032 2475 preelegit,
1078 2421 1163 2462 sed
1207 2419 1515 2461 communiter

193 2491 465 2546 preeligunt
486 2491 735 2531 maximum
746 2491 1097 2543 Antichristum,
1120 2489 1227 2544 quia
1248 2503 1351 2530 cum
1371 2489 1515 2540 Judas

196 2574 291 2601 non
337 2560 507 2601 dormit
559 2560 759 2601 avaricia
817 2560 1061 2601 debriatus
1113 2573 1229 2613 sepe
1282 2558 1516 2611 contingit

197 2630 327 2683 quod
377 2631 637 2672 membrum
690 2630 883 2684 dyaboli
939 2629 1224 2684 preferatur;
1289 2627 1514 2669 calliditas

270 2844 292 2864 1.
313 2836 351 2863 ei.
374 2835 490 2863 Codd.:
512 2844 559 2863 eo.
634 2835 662 2864 3.
683 2835 722 2863 B:
744 2836 928 2870 impetravit.
1005 2836 1049 2863 16.
1072 2835 1171 2870 Bzfit.

269 2918 322 2952 28.
349 2919 435 2951 Esse
460 2919 622 2951 videntur
648 2919 710 2952 titt.
738 2919 883 2950 Ill—VI.
