2078 3338
261 270 276 297 1
287 260 338 297 26
975 267 1200 299 JOHANle
1226 266 1412 299 WYCLIF
1681 251 1787 309 [CAP.
1801 261 1855 290 vl.

545 371 854 413 consenciens
894 376 966 412 est
1003 372 1261 412 secundum
1294 372 1423 425 quod
1458 371 1566 425 plus
1596 371 1675 412 vel
1705 368 1855 410 minus

543 442 645 483 istis
690 441 1047 482 condicionibus
1084 441 1336 495 participat
1366 441 1701 482 Antichristus.
1740 440 1855 481 Ideo

547 512 688 552 docet
729 513 898 552 beatus
930 511 1236 564 Evangelista
1268 511 1469 564 epistola
1505 524 1588 551 sua
1620 510 1856 561 canonica,

542 587 796 636 postquam
838 580 1180 621 Antichristum
1225 580 1549 633 descripserit:
1593 580 1751 631 Nolite,
1792 579 1856 619 in-

544 651 656 705 quit,
702 664 805 692 eum
848 652 1047 703 recipere
1089 652 1137 691 in
1181 652 1368 691 domum
1412 654 1624 703 vestram,
1668 662 1746 691 nec
1776 662 1889 693 ave5

544 723 581 762 ei
611 721 838 770 dixeritis,·
869 721 998 773 quod
1031 725 1223 773 oportet
1252 719 1454 775 intelligi
1474 733 1563 760 nec
1583 720 1631 760 in
1651 733 1856 774 persona

544 805 627 832 sua
656 790 850 844 propria
886 804 976 830 nec
1011 790 1059 830 in
1095 790 1330 843 membris,
1367 792 1456 842 qni,
1492 790 1656 844 inquit,
1694 791 1857 831 dixerit

541 863 613 902 illi
643 874 736 914 ave,
769 858 1118 901 communicabit
1145 862 1151 913 ξ
1178 861 1387 914 operibus
1418 861 1514 901 eius
1544 861 1777 913 malignis,
1810 865 1857 900 et
1899 868 1976 914 192¹³

541 932 632 972 iste
665 930 706 971 si
737 935 811 970 est
841 930 945 971 talis
979 935 1054 971 est
1083 930 1385 972 heresiarcha
1407 931 1600 970 solvens
1624 929 1856 971 Christum

540 1000 792 1040 infideliter
834 1000 882 1040 in
912 1000 1088 1041 naturis
1125 1013 1345 1054 persone,
1385 1000 1434 1041 in
1467 999 1639 1041 Christi
1667 1000 1856 1053 legibus
1876 1020 1915 1041 10

543 1076 591 1111 et
630 1071 679 1111 in
720 1070 953 1122 membris,
1006 1070 1136 1110 cuius
1180 1071 1355 1110 scolam
1402 1075 1595 1123 oportet
1638 1070 1856 1110 cordatos

540 1141 793 1194 theologos
825 1140 1080 1181 affeccione
1113 1141 1343 1181 donorum
1375 1153 1562 1180 suorum
1605 1145 1654 1180 et
1688 1139 1856 1180 timore

543 1223 734 1250 suorum
767 1210 1171 1264 supplicacionum
1192 1209 1474 1264 postpositis
1498 1210 1705 1250 animose
1729 1210 1855 1250 dete-

541 1294 669 1334 gere,
690 1280 752 1321 Et
769 1279 925 1333 ipsum
941 1279 1215 1321 describunt
1238 1293 1401 1321 omnes
1421 1280 1527 1320 libri
1549 1279 1856 1334 sapienciales

541 1351 619 1390 vel
669 1349 941 1403 prophetici
992 1350 1181 1390 alterius
1232 1349 1514 1402 testamenti,
1568 1355 1615 1390 et
1656 1356 1856 1403 propter
1875 1359 1911 1391 15

541 1425 810 1461 nostrorum
860 1420 1130 1461 vecordiam
1189 1425 1237 1461 et
1295 1421 1611 1461 membrorum
1670 1433 1856 1460 suorum

543 1488 856 1530 crescenciam
905 1489 953 1530 in
1003 1490 1140 1530 brevi
1182 1495 1396 1543 tempore
1448 1490 1597 1543 magis
1646 1489 1854 1530 invaluit.

540 1559 642 1600 Nec
700 1559 893 1599 dubium
955 1560 1066 1613 quin
1128 1559 1188 1600 sit
1247 1560 1449 1600 infidelis
1516 1559 1717 1613 Christo,
1776 1559 1856 1612 qui

540 1629 695 1682 aliquo
720 1629 927 1683 quinque
958 1630 1206 1670 modorum
1239 1630 1476 1670 consentit
1497 1628 1673 1670 homini
1694 1634 1856 1670 contra

541 1698 786 1741 ChriStum.
1871 1719 1913 1740 20

259 1775 325 1803 The
347 1783 427 1811 pope
448 1783 518 1815 says
599 1768 720 1811 Sunt
751 1774 905 1810 autem
926 1770 1074 1810 multa
1107 1769 1368 1823 sophistica
1400 1770 1570 1823 quibus
1599 1769 1741 1810 homo
1763 1768 1854 1809 iste

250 1812 314 1838 that
333 1813 383 1838 the
404 1811 524 1838 clerica!

275 1846 398 1908 535³?ss
415 1846 502 1908 frigii
539 1839 692 1880 illudit
723 1838 1013 1892 simplicibus
1044 1839 1322 1891 christianis3
1355 1839 1523 1880 dicitur
1555 1839 1676 1879 enim
1703 1838 1854 1893 primo

275 1916 410 1977 tssjtlffhye
423 1916 501 1986 2325),
540 1910 670 1964 quod
712 1915 862 1950 status
910 1909 1023 1949 cleri
1066 1909 1138 1949 sui
1191 1915 1263 1950 est
1311 1909 1539 1950 infinitum
1588 1909 1856 1963 perfeccior

270 1986 509 2054 htssviusssserit'iffsst
540 1993 678 2033 quam
725 1984 874 2020 status
918 1977 1081 2032 aliquis
1124 1978 1331 2032 laycalis‚
1372 1979 1482 2019 ideo
1520 1992 1616 2019 non
1645 1979 1856 2032 pertinet

280 2056 491 2125 Hecsszrygsyioo
538 2051 670 2104 ipsos
716 2049 774 2089 de
819 2053 943 2090 statu
983 2048 1096 2089 cleri
1128 2062 1434 2103 cognoscere.
1485 2048 1614 2090 Dicit
1644 2049 1853 2090 secundo
1871 2057 1910 2090 25

273 2124 339 2186 {1323
353 2125 408 2186 {¹1¹5
422 2132 499 2186 32³1ss
540 2121 760 2174 palpatus
820 2118 868 2159 in
928 2118 1237 2172 metaphisica
1298 2119 1427 2172 quod
1488 2119 1638 2160 omnis
1705 2124 1853 2160 status

317 2202 368 2221 are
388 2202 457 2221 one.
539 2189 740 2230 hominis
773 2194 847 2229 est
876 2188 1066 2229 realiter
1095 2188 1199 2242 ipse
1230 2188 1382 2231 homo.

279 2264 492 2325 Aaffiassffiy
601 2259 773 2300 Contra
793 2264 1044 2312 utrumque
1065 2259 1263 2299 istorum
1284 2259 1447 2299 invexi
1478 2259 1659 2313 sepius:
1694 2262 1855 2299 contra

289 2333 484 2401 diggggeogffm
540 2330 739 2384 primum
798 2334 872 2369 est
927 2329 1169 2370 decretum
1221 2328 1517 2383 Crysostomi
1567 2328 1853 2383 Imperfecto

287 2402 346 2430 and
368 2403 489 2430 visible·
542 2399 722 2441 Omelia
754 2401 822 2453 26,
860 2399 942 2439 ubi
980 2400 1134 2453 docet,
1169 2399 1297 2452 quod
1331 2400 1463 2440 homo
1496 2400 1618 2440 debet
1647 2399 1855 2439 iudicare
1871 2406 1912 2438 30

540 2472 593 2510 de
626 2470 835 2524 operibus
865 2469 1138 2522 manifestis,
1177 2470 1283 2521 quia
1315 2470 1450 2509 aliter
1472 2470 1758 2522 praeluderet
1787 2470 1856 2510 lex

543 2539 712 2581 Christi
753 2540 967 2580 naturale
1008 2539 1231 2579 iudicium
1275 2542 1314 2579 et
1332 2538 1460 2591 foret
1501 2539 1587 2579 sihi
1625 2539 1718 2591 ipsi
1746 2551 1851 2579 con-

611 2715 638 2743 8.
661 2713 778 2742 Codd.:
799 2713 862 2741 ille.
937 2712 980 2741 18.
1008 2713 1046 2741 B:
1073 2712 1222 2748 iifideles.
1296 2711 1345 2740 25.
1371 2711 1426 2739 AB
1451 2711 1483 2739 in
1504 2719 1619 2747 marg:
1644 2711 1792 2740 Judz’care
1816 2710 1854 2739 de

535 2762 676 2797 prelatis.

609 2855 641 2885 4.
670 2854 699 2877 2.
725 2843 803 2876 Joh.
836 2853 883 2874 10.
959 2843 1011 2875 30.
1038 2842 1302 2887 Opp.tom.V1,
1330 2844 1393 2885 743
1409 2841 1452 2887 (ἒ)
1481 2842 1533 2874 Cf.
1560 2843 1597 2874 In
1612 2841 1731 2874 Matth.
1747 2842 1850 2875 Hom.

540 2903 645 2934 XXIII
673 2902 764 2944 Opp.
789 2907 876 2933 tom.
894 2901 966 2940 VII,
993 2902 1070 2943 307.
