2078 3338
214 277 305 306 CAP.
326 271 380 322 Χ]
612 281 672 313 DE
699 281 979 313 POTESTATE
1006 281 1137 315 PAPE.

212 384 311 424 ficit
352 384 400 424 in
442 383 592 425 forma
624 398 762 438 quam
793 385 841 425 in
879 385 1090 436 materia3
1131 385 1180 426 in
1216 385 1379 436 forma,
1426 386 1536 439 quia

1747 279 1825 326 263

1610 399 1636 426 It
1656 400 1682 427 is
1703 401 1768 428 said

1591 433 1699 470 falsely
1718 436 1783 463 that

212 466 412 494 necesse
451 459 525 494 est
557 455 844 494 antecedens
878 467 985 495 esse
1018 467 1195 505 verum,
1236 468 1340 495 cum
1372 468 1535 496 neces-
1558 469 1694 497 between
1717 472 1822 506 equam
1846 488 1857 500 .

213 522 334 563 sario
373 528 511 576 pater
547 523 595 563 in
628 522 855 577 Spiritum
888 522 1112 565 Sanctum
1148 537 1244 564 non
1281 525 1426 564 habet
1456 524 1535 564 im-

212 591 396 641 perium
429 592 516 632 sed
546 591 820 633 missionem
854 598 903 633 et
933 598 1089 633 tamen
1122 593 1393 634 necessario
1427 599 1537 633 sunt

178 672 364 714 §pat-es.

270 730 461 780 Iterum,
514 731 785 772 necessario
828 732 1077 785 imperium
1119 733 1264 773 habet
1306 737 1447 786 pater
1488 732 1537 772 in

210 798 355 839 filium
416 800 675 840 secundum
725 800 1060 841 humanitatem
1123 807 1424 855 assumptam,
1489 806 1537 842 et

210 873 364 908 tamen
409 870 627 909 absolute
671 870 941 910 necessario
987 875 1098 910 sunt
1139 884 1299 923 pares;
1345 871 1454 911 ideo
1495 871 1536 911 si

209 938 362 977 nullus
384 951 470 990 par
499 938 547 978 in
569 952 732 992 parem
752 939 898 979 habet
917 939 1179 992 imperium,
1212 940 1394 993 periret
1413 941 1534 980 fides

154 1026 195 1048 10
212 1006 451 1047 catholica.

267 1075 330 1115 Et
379 1076 548 1117 iterum
600 1078 838 1131 quoddam
889 1083 961 1118 est
1004 1077 1250 1131 imperium
1294 1077 1532 1127 vicarium,

211 1146 473 1188 cuiusmodi
518 1152 592 1188 est
635 1160 774 1188 omne
817 1147 1071 1188 humanum
1114 1147 1376 1201 imperium,
1420 1160 1532 1201 quo-

208 1217 351 1256 modo
394 1216 604 1269 loquitur
646 1217 914 1270 Apostolus
956 1217 1106 1270 prima
1149 1217 1316 1271 Thym.
1346 1217 1429 1267 VI,
1465 1230 1532 1270 17:

207 1286 435 1328 Divitibus
470 1288 606 1328 huius
634 1286 774 1328 seculi
808 1288 995 1341 precipe
1021 1300 1111 1328 non
1132 1289 1327 1329 sublime
1358 1300 1533 1341 sapere.

155 1355 457 1408 15Quoddam
502 1361 656 1397 autem
698 1356 947 1410 imperium
991 1363 1067 1399 est
1098 1371 1187 1411 per
1239 1371 1290 1398 se
1334 1358 1414 1397 vel
1445 1357 1532 1398 ori-

208 1425 428 1478 ginaliter
461 1426 746 1466 autenticum
791 1440 936 1480 super
967 1427 1227 1480 quamlibet
1260 1432 1532 1469 creaturam.

267 1494 329 1534 Et
370 1500 506 1548 patet
549 1508 687 1548 quam
731 1498 856 1537 nuda
900 1496 960 1538 sit
1000 1496 1091 1538 ista
1141 1496 1331 1550 argucia
1375 1497 1534 1549 quoad

207 1564 446 1604 materiam
493 1570 541 1605 et
583 1565 790 1607 formam.
853 1565 1084 1621 Intelligit
1136 1566 1259 1607 enim
1311 1580 1398 1619 per
1440 1567 1532 1606 hoc

207 1633 493 1687 principium
537 1636 666 1688 quod
698 1648 784 1688 par
806 1648 902 1676 non
922 1637 1068 1677 habet
1088 1635 1339 1689 imperium
1362 1636 1532 1677 autori-

151 1722 193 1743 20
207 1703 404 1743 tativum
435 1703 483 1744 in
516 1717 650 1744 suum
682 1718 860 1757 parem,
894 1706 982 1746 sub
1014 1705 1204 1745 racione
1229 1718 1321 1758 qua
1342 1719 1428 1759 par
1460 1711 1534 1746 est

207 1772 365 1813 taliter
395 1773 660 1826 imperanti.
706 1773 804 1815 Sed
836 1774 950 1827 quid
983 1776 1123 1816 obest
1152 1774 1261 1815 huic
1294 1775 1424 1828 quod
1451 1788 1531 1814 ex-

209 1842 463 1883 cellencior
484 1843 660 1884 Virtute
684 1843 909 1897 corripiat
939 1843 1209 1885 inferiorem
1236 1844 1285 1884 in
1306 1844 1530 1893 moribus,

206 1910 319 1952 licet
363 1912 423 1952 sit
473 1912 690 1965 superior
736 1913 890 1966 quoad
946 1918 1132 1955 statum.
1192 1913 1348 1954 Aliter
1407 1913 1529 1953 enim

206 1980 387 2034 periret
435 1982 518 2022 lex
562 1981 747 2031 Christi,
801 1995 894 2036 que
947 1982 1134 2023 ordinat
1184 1995 1530 2036 quemcumque

149 2062 190 2094 25
207 2050 508 2091 christianum
539 2052 773 2105 prelatum
803 2052 1113 2105 peccabilem,
1147 2057 1195 2092 et
1227 2065 1332 2092 cum
1363 2065 1529 2105 pecca-

86 2135 168 2176 227⁸
205 2120 342 2173 verit,
367 2122 425 2161 ab
450 2120 540 2161 alio
556 2120 995 2177 corrigendum,{ut
1016 2121 1328 2175 patetMatth.
1342 2121 1528 2165 XVIII.

204 2189 252 2229 in
283 2195 463 2230 tantum
496 2191 625 2244 quod
656 2191 695 2232 si
726 2205 814 2244 per
845 2191 1142 2244 impossibile
1175 2191 1388 2232 Christus
1419 2205 1528 2244 pec-

207 2259 396 2309 caverit,
428 2259 554 2300 foret
585 2262 642 2300 ab
673 2260 873 2302 ecclesia
905 2261 1237 2314 corrigendus;
1270 2275 1375 2302 cum
1408 2261 1529 2301 enim

206 2329 266 2369 sit
297 2328 457 2381 frater
498 2333 651 2371 noster
682 2330 859 2371 Hebre.
891 2331 951 2380 II,
990 2344 1036 2371 12
1084 2336 1132 2371 et
1174 2332 1256 2371 lex
1292 2345 1378 2373 sua
1416 2330 1530 2371 dicit

149 2411 191 2444 30
205 2398 554 2439 universaliter:
591 2400 633 2441 si
658 2402 915 2453 peccaverit
945 2401 993 2441 in
1024 2405 1064 2441 te
1081 2401 1244 2453 frater
1273 2405 1390 2454 tuus,
1423 2413 1527 2441 cor-

204 2469 304 2520 ripe
326 2481 442 2519 eum,
465 2474 600 2521 patet
617 2470 746 2523 quod
768 2470 919 2510 omnis
936 2470 1092 2511 viator
1111 2471 1358 2524 peccando
1383 2471 1529 2511 debet

207 2537 380 2590 corripi
422 2550 447 2577 a
487 2538 734 2581 confratre.
793 2539 948 2580 Aliter
985 2540 1107 2580 enim
1166 2540 1396 2581 deficeret
1445 2540 1527 2580 lex

277 2727 298 2746 1.
322 2719 359 2745 B:
380 2726 470 2754 quam
496 2719 527 2746 in
552 2720 684 2747 materia
710 2721 742 2747 in
758 2719 870 2756 forma
897 2721 994 2748 deest.
1069 2729 1097 2749 2.
1125 2721 1147 2748 Β
1168 2722 1198 2749 in
1220 2729 1335 2756 marg:
1363 2722 1525 2750 Pulchrum

201 2773 260 2799 per
277 2768 381 2793 lotum.
459 2766 485 2794 Ο.
509 2766 531 2793 Β
551 2766 713 2801 i11marg.:
734 2765 827 2794 Nota.
904 2775 943 2795 11.
964 2767 987 2794 Β
1008 2767 1037 2794 in
1060 2775 1174 2803 marg:
1198 2768 1286 2795 Nota.
1364 2768 1408 2796 15.
1425 2768 1525 2796 Codd.

204 2811 233 2838 in
255 2819 370 2847 marg:
390 2812 555 2847 Imperium
573 2813 688 2848 duplex
700 2821 765 2848 par
783 2813 875 2840 habet
893 2814 1054 2849 imperium
1075 2814 1105 2841 in
1124 2822 1244 2849 parem.

277 2895 329 2928 30.
357 2895 477 2929 Matth.
503 2897 622 2935 XVIII,
652 2897 705 2929 25.

1591 505 1676 531 there
1697 504 1723 532 is
1745 514 1784 533 no

1604 539 1775 576 authority.
