2078 3338
233 285 311 311 202

228 534 329 562 These
349 535 496 562 elections

307 574 435 604 prevent

279 604 455 639 preachfflg,

276 639 377 666 which
398 639 423 666 is
444 648 459 666 a

265 674 388 707 priest's
409 674 474 701 first

329 709 414 744 duty.

237 2549 327 2583 Papa]
350 2548 479 2576 electiori

279 2583 446 2616 multiplies

288 2618 446 2653 hirefings,

951 279 1177 313 JOHANNIS
1205 279 1389 312 WYC1.1F
1661 267 1832 324 [CAP.1X.

520 385 878 438 dispensae-ionis
921 385 1146 425 dominice
1197 384 1382 424 veritate
1429 385 1693 438 presbiteris
1743 397 1835 425 esse

519 455 721 495 maiores
758 458 796 494 et
833 455 881 494 in
918 454 1150 494 commum·
1194 454 1350 494 debere
1392 454 1626 494 ecclesiam
1667 461 1834 506 regere.

577 523 745 563 Tercio
778 523 1100 576 principaliter
1133 523 1344 576 arguitur
1376 523 1433 562 ad
1463 522 1586 562 idem
1618 536 1704 576 per
1730 523 1833 574 hoc,

520 594 647 646 quod
669 592 949 646 precipuum
973 592 1179 633 officium
1201 591 1402 645 pastoris
1425 592 1728 645 suspenditur
1749 605 1836 645 per

520 662 786 702 elecciones
818 663 1045 714 novellas,
1079 663 1163 702 sed
1197 674 1429 714 suspenso
1460 661 1541 702 tali
1563 660 1719 702 officio
1739 664 1867 702 non5

519 737 592 771 est
623 737 787 784 pastor
818 731 908 771 nisi
941 731 1187 784 equivoce,
1225 730 1370 783 igitur
1402 730 1678 783 expedicius
1711 731 1835 771 foret

518 800 717 841 ecclesie
770 801 900 853 quod
949 813 1044 840 non
1095 800 1222 840 foret
1274 801 1330 840 ad
1375 800 1514 840 talem
1559 799 1834 853 dignitatem

515 871 715 910 humana
747 869 938 912 eleccio,

575 941 890 993 Assumptum
922 946 1055 994 patet
1087 941 1146 980 de
1177 945 1315 993 pastu
1347 940 1513 993 populi
1546 942 1695 981 verbo
1729 940 1833 990 Dei,

518 1011 574 1049 ad
607 1023 744 1063 quam
772 1009 1095 1063 ydoneitatem
1118 1023 1212 1050 non
1237 1010 1503 1058 attenditur,
1538 1010 1622 1050 sed
1645 1010 1831 1049 omnino
1854 1022 1891 1042 10

516 1079 824 1132 postponitur
860 1080 906 1119 in
946 1079 1187 1119 eleccione
1224 1079 1501 1120 huiusmodi.
1552 1079 1614 1119 Et
1649 1085 1834 1119 constat

518 1150 645 1201 quod
684 1162 771 1202 per
803 1162 854 1189 se
888 1151 948 1190 ab
980 1148 1059 1189 illo
1092 1154 1232 1202 pastu
1263 1154 1422 1201 pastor
1461 1149 1662 1189 ecclesie
1695 1148 1834 1188 trahit

516 1231 701 1267 nomen,
746 1231 840 1258 non
884 1224 1039 1258 autem
1079 1232 1103 1258 a
1134 1224 1274 1271 pastu
1306 1218 1556 1271 corporali,
1602 1231 1705 1259 cum
1741 1219 1832 1258 hoc

516 1288 577 1329 sit
621 1287 825 1328 officium
869 1288 1065 1340 laycale.
1112 1294 1162 1327 ut
1199 1288 1396 1341 pulchre
1436 1288 1641 1328 declarat
1672 1288 1831 1341 Augu-

516 1358 665 1398 stinus
697 1358 743 1397 in
775 1356 849 1397 De
871 1357 1046 1397 Verbis
1063 1357 1255 1397 Domini
1287 1356 1514 1398 Sermone
1537 1357 1718 1410 XLIX,
1754 1371 1832 1397 ex·
1854 1361 1889 1392 15

515 1440 700 1481 ponens
732 1432 917 1467 textum
942 1427 1043 1478 Joh.
1067 1427 1117 1466 X
1150 1428 1208 1467 de
1240 1433 1431 1480 pastore
1462 1426 1751 1467 mercenario
1786 1432 1833 1466 et

515 1497 639 1549 lupo.
691 1496 1020 1547 Mercenam'us,
1069 1496 1233 1549 inquit,
1276 1498 1429 1537 videns
1472 1498 1669 1549 aliquem
1713 1497 1834 1548 loqui

508 1569 698 1619 peccata
748 1570 827 1606 aut
876 1567 1041 1606 sentire
1088 1567 1336 1606 secundum
1377 1567 1629 1618 perniciem
1680 1567 1833 1606 anime

513 1649 592 1676 sue
634 1637 701 1676 vel
744 1636 920 1688 aliquid
953 1635 1114 1686 facere
1144 1637 1428 1685 sceleratum,
1467 1639 1505 1677 et
1537 1640 1687 1676 tamen
1725 1636 1832 1687 quia

512 1707 692 1746 videtur
711 1706 872 1747 habere
895 1706 1092 1746 alicuius
1113 1706 1333 1746 momenti
1352 1718 1604 1759 personam
1626 1706 1673 1745 in
1697 1706 1830 1745 eccle·
1850 1719 1890 1739 20

513 1776 596 1825 sia,
636 1777 753 1816 unde
784 1777 824 1816 si
855 1780 1009 1829 sperat
1044 1776 1349 1823 commodum,
1387 1776 1656 1816 obmutescit.
1699 1775 1831 1824 Videt,

513 1845 674 1898 inquit,
706 1846 934 1885 homiuem
952 1846 1109 1897 perire
1131 1844 1178 1884 in
1195 1848 1392 1896 peccato,
1415 1845 1531 1884 videt
1557 1845 1687 1884 illum
1709 1845 1833 1895 sequi

512 1917 685 1968 lupum,
719 1915 766 1954 id
798 1918 859 1954 est
890 1913 1148 1966 dyabolum,
1180 1915 1296 1954 videt
1334 1915 1458 1954 illius
1484 1916 1644 1965 guttur
1676 1925 1832 1953 morsu

512 1985 635 2025 tralzz'
663 1986 725 2024 acl
751 1984 1042 2036 supplicium,
1070 1987 1108 2023 et
1130 1986 1282 2023 tamen
1305 1996 1393 2023 uon
1415 1984 1485 2023 illi
1507 1983 1637 2023 dicit:
1662 1984 1831 2031 Peecas,

513 2067 591 2094 uec
623 2055 755 2094 illum
788 2054 1012 2105 obiurgat,
1046 2065 1100 2093 ue
1114 2054 1284 2105 perdat
1315 2053 1556 2093 commoda
1588 2064 1696 2100 sucu
1725 2052 1832 2093 talis
1848 2055 1886 2087 25

512 2123 769 2164 mentaliter
812 2124 929 2163 videt
970 2125 1128 2176 lupum
1175 2123 1421 2163 venientem
1466 2126 1504 2162 et
1535 2122 1677 2174 sugit.
1735 2119 1832 2161 Sed

512 2194 667 2232 bonus
699 2197 863 2245 pastor
894 2205 1046 2245 usque
1080 2192 1138 2231 ad
1171 2197 1367 2232 mortem
1399 2191 1511 2231 facit
1539 2190 1831 2232 contrarium.

513 2261 567 2302 In
600 2275 694 2315 quo
728 2262 986 2302 secundum
1011 2261 1331 2314 Augustinum
1361 2260 1365 2317 Ι
1395 2267 1467 2301 est
1497 2260 1681 2314 integra
1705 2260 1831 2301 racio
1872 2266 1950 2295 211⁰

513 2330 762 2385 pastoralis
787 2330 943 2373 officii.
979 2330 1184 2380 Securos,
1213 2330 1377 2384 inquit,
1400 2343 1482 2371 uos
1494 2330 1606 2382 fecit
1629 2328 1832 2382 Spiritus

515 2401 708 2442 Sanctus
736 2413 821 2454 per
834 2400 1104 2441 Ezechielem
1128 2399 1373 2449 XXXIII,
1409 2413 1443 2452 7,
1478 2399 1585 2452 quia
1615 2398 1830 2439 limitavit
1847 2403 1888 2435 30

513 2470 650 2510 nobis
683 2469 996 2523 speculatoris
1031 2469 1251 2510 officium.

570 2540 630 2581 Et
661 2540 883 2580 mundum
906 2539 952 2579 in
974 2545 1146 2580 testem
1168 2539 1353 2587 invoco,
1388 2538 1515 2592 quod
1536 2538 1626 2578 ista
1647 2537 1829 2590 papalis

515 2608 695 2649 eleccio
736 2614 785 2649 et
822 2622 906 2649 sua
942 2608 1282 2649 beneficiorum
1322 2607 1599 2648 distribucio
1634 2606 1831 2647 seminat

584 2742 611 2761 2.
642 2733 759 2761 Codd.:
790 2737 820 2761 et
847 2733 941 2761 deest.
1051 2734 1077 2760 S.
1101 2733 1219 2761 Codd.:
1241 2734 1416 2760 humanam.
1518 2740 1545 2767 ς).
1568 2732 1620 2759 ΑΒ
1650 2731 1681 2759 in
1712 2739 1827 2765 marg:

513 2780 623 2807 Pastor
650 2779 764 2807 dicitur
783 2788 801 2807 a
829 2783 931 2815 pastu.
1026 2788 1068 2815 17.
1090 2780 1143 2807 AB
1164 2780 1194 2807 in
1222 2787 1335 2814 marg:
1357 2778 1577 2807 Mercenarsus.
1654 2777 1700 2805 26*
1724 2777 1777 2804 AB
1798 2777 1826 2804 in

513 2833 627 2862 marg:
649 2824 876 2860 Beneficiorum
897 2826 1079 2853 distribucz'o
1098 2825 1233 2861 papalis.
1308 2824 1357 2852 30.
1379 2823 1496 2852 coda:
1518 2823 1613 2851 XXXI
1621 2823 1649 2851 1².

587 2908 636 2938 14.
665 2897 756 2939 Opp.
783 2902 870 2929 tom.
889 2898 929 2942 V,
957 2897 1024 2940 660
1052 2898 1175 2939 (Serm.
1204 2895 1419 2935 CXXXVII).
