2078 3338
211 275 299 303 CAP.
329 263 410 320 xm]
607 276 667 307 DE
695 272 974 307 POTESTATE
1003 271 1132 303 PAPE.

207 382 323 423 meis
358 380 679 434 complicibus,
722 378 830 419 ideo
874 378 966 418 hoc
1012 381 1085 417 est
1119 374 1321 415 ecclesie
1356 372 1529 413 Christi

208 451 379 493 utilius.
429 451 569 492 Unde
620 449 810 490 miratur
860 447 1061 488 mundus
1115 445 1355 499 quomodo
1404 457 1529 498 papa

208 521 395 575 preficit
425 520 596 561 idiotas
629 519 739 560 artis
771 517 1010 572 regiminis
1038 515 1290 570 spiritualis
1322 514 1527 568 ignaros,

210 592 318 632 dum
350 591 429 631 vel
459 595 654 644 reputat
674 589 753 630 vel
783 594 1006 641 reputare
1040 587 1215 627 debeat
1253 585 1381 639 quod
1420 588 1530 624 sunt

177 668 192 699 5
207 661 252 702 in
287 660 451 701 eadem
473 659 719 714 provincia
740 658 872 699 multi
893 658 998 712 plus
1020 656 1202 697 habiles
1226 655 1373 695 eciam
1396 667 1529 695 sacre

207 730 383 785 pagine
414 729 731 784 professores,
774 728 861 769 sed
893 727 1063 768 divicie
1097 725 1268 780 quibus
1304 724 1530 766 liniuntur

210 800 413 841 ecclesie
457 805 567 841 sunt
609 798 795 840 occasio
840 797 965 838 unde
1008 797 1288 850 franguntur
1330 796 1448 836 fides
1483 800 1531 835 et

210 870 461 911 christiana
491 869 675 923 religio,

266 941 328 981 Et
370 945 505 994 patet
548 953 653 980 cum
695 938 922 993 predictis
970 937 1186 978 condicio
1226 935 1528 985 Antichristi;

157 1010 312 1064 10ipse
337 1009 458 1050 enim
482 1015 555 1051 est
579 1010 677 1050 dux
700 1008 1056 1062 capitaneorum
1084 1007 1164 1061 qui
1191 1012 1530 1061 procuratores

209 1093 297 1134 pro
343 1085 479 1133 parte
525 1078 718 1133 dyaboli
762 1078 992 1132 dissipant
1042 1078 1200 1131 legem
1245 1076 1431 1127 Christi,
1485 1081 1532 1116 et

209 1150 316 1191 ideo
369 1163 532 1190 omnes
583 1149 751 1189 fideles
805 1149 984 1188 debent
1036 1161 1316 1201 expugnare
1363 1147 1531 1187 ducem

207 1220 485 1273 huiusmodi,
520 1233 623 1260 cum
654 1219 738 1260 ille
756 1218 836 1273 qui
858 1219 1003 1259 debet
1027 1232 1133 1259 esse
1157 1230 1324 1258 servus
1349 1215 1530 1256 cunctis

210 1289 308 1331 aliis
351 1290 576 1331 illibertat
619 1302 701 1330 eos
748 1302 928 1343 cogens
987 1302 1070 1329 eos
1114 1288 1331 1342 recipere
1366 1301 1532 1328 cocum

157 1360 380 1401 15mentis
427 1365 474 1400 et
516 1359 762 1411 medicum,
808 1359 887 1413 qui
929 1360 1008 1399 vel
1052 1372 1147 1400 non
1192 1364 1322 1399 curat
1353 1359 1431 1399 vel
1471 1372 1533 1398 ex

209 1430 383 1471 inercia
414 1430 509 1470 Dei
553 1436 601 1470 et
633 1435 730 1470 arte
765 1429 959 1485 dyaboli
991 1430 1070 1471 dat
1100 1444 1347 1471 venenum.
1399 1430 1532 1471 Deus

212 1500 333 1540 enim
376 1513 472 1541 non
515 1505 682 1553 potest
723 1513 980 1553 procurare
1025 1513 1076 1540 se
1111 1513 1217 1540 esse
1252 1500 1532 1554 episcopum

209 1569 390 1624 populi,
422 1569 511 1610 nisi
535 1569 615 1623 qui
637 1569 859 1623 eligendo
874 1569 1127 1611 Dominum
1149 1571 1251 1610 vult
1274 1570 1365 1611 sibi
1386 1571 1532 1623 gratis

212 1639 373 1693 subici,
425 1640 510 1680 sed
560 1639 807 1680 blasfemia
838 1640 1120 1681 Antichristi
1179 1640 1292 1681 facit
1350 1646 1530 1682 contra-

155 1724 197 1746 20
210 1709 340 1751 rium.

269 1780 345 1820 Ex
375 1779 479 1821 istis
512 1780 702 1821 videtur
732 1780 870 1834 sequi
902 1782 1031 1835 quod
1054 1795 1079 1822 a
1102 1795 1402 1835 quocumque
1428 1795 1532 1835 pre-

212 1849 371 1904 posito
405 1850 635 1904 spirituali
665 1851 851 1892 notorie
892 1851 1145 1892 deficiente
1177 1852 1224 1892 in
1257 1865 1342 1892 suo
1374 1852 1531 1893 officio

212 1920 324 1961 licet
356 1920 594 1973 stipendia
632 1922 864 1961 mundana
903 1922 1180 1962 subtrahere
1224 1927 1277 1962 ut
1314 1922 1533 1974 decimas,

216 1989 492 2031 oblaciones
527 1995 574 2031 et
607 1991 718 2032 alias
752 1991 1032 2032 elemozinas
1065 1992 1315 2046 speciales,

159 2062 197 2095 25
272 2061 508 2101 Probatur
541 2061 627 2101 sic:
662 2060 914 2115 Stipendia
935 2075 1031 2102 non
1057 2062 1225 2103 dantur
1255 2062 1341 2103 tali
1371 2062 1462 2103 nisi
1483 2067 1535 2103 ut

214 2129 308 2181 tali,
341 2130 449 2184 quia
481 2130 662 2172 scilicet
693 2131 805 2171 facit
828 2132 958 2185 quod
993 2132 1223 2173 incumbit
1253 2131 1335 2173 tali
1367 2131 1537 2183 officio,

216 2200 302 2240 sed
332 2201 419 2241 hec
454 2213 593 2242 causa
625 2200 785 2242 deficit
826 2201 873 2242 in
913 2215 1212 2255 quocumque
1255 2202 1535 2249 huiusmodi,

214 2269 361 2323 igitur
405 2276 478 2312 est
521 2284 661 2312 causa
706 2285 1002 2325 quecumque
1047 2272 1257 2313 medians
1312 2274 1369 2312 ad
1412 2273 1536 2312 hunc

215 2339 368 2381 finem.
400 2339 482 2381 Illa
515 2340 636 2381 enim
670 2346 744 2381 est
773 2341 915 2393 racio⁷
961 2355 1105 2395 quare
1149 2341 1401 2383 ministrari
1442 2355 1538 2382 non

161 2414 202 2446 30
218 2409 364 2450 debet
409 2410 489 2451 tali
531 2410 795 2465 prepositO,
841 2411 949 2465 quia
994 2412 1127 2453 aliter
1169 2412 1411 2452 subiectus
1450 2411 1539 2452 sibi

216 2478 565 2521 racionabiliter
596 2481 891 2523 ministraret.
931 2480 1180 2522 Scrutetur
1210 2481 1355 2535 igitur
1385 2481 1538 2522 fidelis

217 2549 454 2590 racionem
484 2550 589 2591 talis
622 2551 867 2592 ministerii
914 2557 962 2592 et
991 2551 1177 2592 videbit
1223 2552 1353 2605 quod
1392 2552 1540 2592 aliena

100 2622 180 2664 248⁰
220 2624 293 2659 est
337 2633 363 2660 a
404 2620 595 2661 racione
623 2618 761 2677 {talis
818 2621 1064 2675 prepositi,
1111 2621 1218 2675 quia
1261 2627 1313 2662 ut
1358 2621 1540 2675 capitur

219 2688 324 2730 talis
357 2690 517 2731 deficit
540 2704 564 2730 a
585 2691 775 2731 racione
799 2691 900 2732 veri
922 2692 1166 2745 prepositi,
1201 2698 1249 2732 et
1271 2692 1382 2732 dare
1406 2692 1539 2732 alteri

293 2835 331 2854 11.
355 2826 454 2855 Codd.
484 2828 514 2854 in
548 2835 662 2863 marga
689 2826 801 2855 Cocum
827 2829 881 2863 qui
905 2836 966 2856 non
991 2829 1054 2856 vult
1078 2837 1212 2864 coquere
1231 2830 1279 2856 vel
1302 2838 1449 2857 venenum
1466 2838 1540 2865 pro-

221 2876 310 2902 curat
329 2873 481 2909 quomodo
501 2875 704 2901 communitas
724 2875 884 2909 reciperel.
960 2874 1006 2902 23.
1031 2875 1131 2903 Codd.
1153 2876 1183 2903 in
1205 2884 1320 2912 marg:
1347 2876 1540 2912 Stipendt'mn

220 2921 381 2957 denegare
400 2920 459 2947 tali
471 2920 604 2955 prelato.

1734 271 1808 310 351

1632 386 1671 424 Pa
1677 385 1723 420 pal

1568 423 1800 483 affigsssstsslilffss

1581 1796 1654 1831 Any
1675 1796 1791 1830 prelate

1589 1831 1785 1866 notoriously

1559 1866 1668 1901 failing
1687 1867 1718 1893 in
1739 1867 1815 1902 duty

1567 1909 1636 1936 may
1658 1902 1733 1928 have
1755 1902 1801 1928 his

1600 1936 1692 1963 tithes
1713 1937 1772 1964 and

1619 1971 1749 2007 offering

1590 2007 1787 2034 withdrawn.
