2078 3338
188 267 276 295 CAP.
304 259 385 310 XII.]
588 270 646 301 DE
673 269 952 301 POTESTATE
979 269 1108 300 PAPE.
1710 274 1790 312 373

185 374 233 415 in
271 379 395 415 statu
426 374 786 428 possessionato
825 373 1094 414 meritorius
1131 374 1239 427 plus
1270 374 1504 427 prodesse

188 443 400 486 66616516.
452 443 568 483 Ideo
607 444 749 484 stulte
789 448 837 483 et
874 443 975 483 sine
1015 456 1152 483 causa
1196 457 1332 496 quam
1370 444 1502 484 Deus

187 514 419 566 approbat
450 513 670 553 viverent
706 512 772 552 sic
810 526 953 566 parce
993 518 1131 566 atque
1176 513 1419 566 penaliter,
1465 514 1505 554 si

186 582 253 622 516
277 582 465 622 deficiat
485 582 726 635 perfeccio
750 582 822 622 sui
854 587 1016 624 status.
1051 582 1167 622 Ideo
1199 582 1291 635 ipsi
1323 584 1504 624 debent

152 656 294 692 56556
327 651 627 705 singulariter
658 652 847 705 pugiles
880 652 1016 693 huius
1040 652 1297 702 sentencie,
1330 653 1502 693 nedum

185 721 292 775 quia
325 726 397 762 est
428 721 780 762 fundamentum
813 721 884 761 sui
908 721 1097 773 ordinis,
1130 722 1217 761 sed
1239 722 1346 776 quia
1366 723 1501 777 leges

186 790 387 831 ecclesie
427 797 474 831 et
510 791 629 831 fides
662 791 895 844 scripture
930 804 1033 831 cum
1070 791 1339 832 racionibus
1376 792 1501 833 idem

185 860 357 901 dicunt.

240 930 302 971 Et
331 944 417 984 per
446 931 572 971 idem
604 931 818 984 sequitur
849 932 977 985 quod
1009 931 1058 971 in
1090 931 1289 972 dominis
1320 936 1499 985 tempo·
1533 940 1578 967 As
1598 940 1648 967 the
1668 941 1767 968 world

1551 983 1654 1009 grows
1670 975 1757 1003 older

131 1015 168 1035 10
182 999 356 1041 ralibus
402 1006 449 1041 et
484 1006 585 1042 tota
624 1001 824 1041 ecclesia
860 1001 984 1041 foret
1023 1006 1172 1041 status
1209 1001 1287 1041 1116
1333 1001 1501 1053 utilior,
1534 1010 1771 1073 incraelssssisoeand

184 1069 292 1123 quia
324 1070 457 1111 aliter
488 1070 700 1123 religiosi
737 1072 880 1112 stulte
914 1076 963 1111 et
992 1071 1258 1124 irreligiose
1291 1071 1503 1112 facerent
1529 1079 1764 1142 Πζέειςράῗρτδῖδξεῇ

63 1142 145 1178 253⁰1
181 1140 354 1180 multos
376 1139 557 1182 fratres.
580 1139 641 1180 Et
662 1146 794 1193 patet
817 1153 877 1180 ex
893 1141 1059 1180 eodem
1076 1141 1201 1193 quod
1223 1154 1306 1181 5116
1325 1139 1328 1195 Ι
1347 1141 1499 1182 665510
1770 1138 1776 1143 ’

181 1209 408 1262 temporis
431 1223 525 1249 non
546 1209 754 1262 impedit,
788 1211 872 1250 sed
900 1209 1097 1262 requirit
1119 1210 1248 1263 quod
1271 1211 1499 1251 debemus

181 1278 248 1318 516
279 1278 458 1328 vivere,
502 1291 611 1332 ymo
652 1278 880 1331 temporis
918 1278 1260 1332 periculositaS,
1304 1285 1501 1332 tempta-

127 1347 330 1389 15cionis
376 1348 627 1388 crudelitas
673 1354 721 1388 et
771 1348 1100 1401 temporalium
1154 1349 1498 1390 detestabilitas

182 1419 356 1458 docent
376 1431 464 1458 nos
487 1431 610 1458 nunc
633 1418 801 1471 pocius
823 1419 1056 1458 mundana
1078 1418 1367 1472 relinquere3
1394 1433 1499 1460 nam

180 1493 462 1529 senescente
484 1489 655 1529 mundo
681 1494 753 1528 est
772 1490 914 1528 homo
937 1488 1134 1541 pronior
1157 1489 1214 1528 ad
1235 1489 1498 1540 avariciam,

182 1563 229 1598 et
269 1557 377 1598 hinc
422 1558 654 1612 dyabolus
699 1564 936 1611 temptans
979 1559 1027 1599 in
1068 1559 1161 1599 hoc
1200 1558 1386 1599 acucius
1426 1565 1499 1600 est

182 1627 370 1668 caucius
413 1627 688 1670 obviandus.
742 1628 803 1668 Et
846 1633 992 1681 patet,
1043 1629 1172 1682 quod
1222 1635 1294 1668 est
1337 1635 1500 1669 contra

124 1697 412 1737 zoracionern
453 1699 543 1738 hec
589 1697 796 1748 avaricia,
843 1697 950 1750 quia
993 1711 1070 1738 res
1114 1698 1346 1738 mundane
1391 1705 1499 1739 sunt

180 1768 286 1821 plus
325 1767 464 1808 solito
504 1767 653 1820 magis
684 1766 934 1816 flexibiles,
975 1773 1023 1807 et
1059 1767 1252 1820 peiores
1283 1767 1497 1808 homines

181 1842 290 1877 sunt
320 1838 426 1890 plus
460 1836 642 1877 debiles
682 1837 744 1876 ad
781 1838 1083 1890 gaudendum
1121 1837 1169 1877 in
1199 1837 1289 1877 illis
1323 1843 1371 1878 et
1401 1838 1498 1878 vita

178 1907 445 1954 breviores;
494 1920 597 1946 cum
640 1906 786 1959 igitur
823 1920 918 1946 non
955 1906 1128 1947 faciant
1166 1908 1251 1947 sed
1289 1907 1498 1948 excitant

180 1977 237 2016 ad
269 1976 551 2017 sitibundius
584 1977 920 2030 appetendum,
953 1982 1087 2030 patet
1120 1990 1180 2016 ex
1209 1977 1421 2018 doctrina
1450 1978 1498 2017 in

121 2053 162 2086 25
180 2046 371 2087 caritate
404 2046 641 2099 sapiencie
675 2047 803 2099 quod
839 2046 930 2086 illis
968 2046 1163 2087 remotis
1203 2053 1312 2087 sunt
1342 2047 1498 2087 futura

178 2115 435 2169 spiritualia
477 2116 756 2169 appetenda,
796 2122 843 2156 et
873 2116 940 2155 illi
979 2116 1059 2169 qui
1097 2129 1157 2156 ex
1197 2116 1496 2170 obligacione

178 2185 344 2226 vivunt
379 2186 521 2225 vitam
562 2185 989 2238 exproprietariam
1020 2186 1156 2226 nimis
1190 2187 1494 2239 degenerant,

178 2256 218 2296 si
247 2255 326 2296 isti
357 2255 599 2296 sentencie
630 2255 770 2295 tacite
793 2256 871 2295 vel
904 2269 1137 2308 expresse
1162 2256 1494 2297 contradicant.

235 2325 311 2364 EX
351 2325 454 2365 istis
500 2325 736 2378 colligitur
777 2325 882 2366 talis
924 2325 1051 2365 racio
1098 2339 1160 2365 ex
1202 2327 1312 2379 lege
1355 2326 1493 2379 primi
1570 2335 1638 2362 The
1660 2336 1724 2363 fifth

1519 2372 1774 2398 commandmcnt

122 2402 163 2433 30
177 2395 383 2435 mandati
404 2396 611 2435 secunde
633 2396 805 2446 tabule,
840 2395 990 2435 omnis
1012 2396 1152 2436 homo
1178 2396 1323 2435 debet
1347 2397 1491 2436 hono·
1530 2405 1759 2467 tffiaffrlssggsugutlp

176 2478 280 2505 rare
314 2470 520 2506 sanctam
551 2470 745 2505 matrem
780 2465 1044 2518 ecclesiam,
1084 2466 1170 2505 sed
1206 2466 1359 2504 honor
1391 2465 1491 2505 eius
1548 2476 1670 2537 ssffitrlffi
1686 2475 1746 2537 {1133

176 2534 432 2587 precipuus
470 2534 596 2574 foret
635 2535 817 2574 auferre
862 2536 918 2574 ab
960 2547 1014 2574 ea
1057 2534 1360 2587 turpitudinis
1399 2549 1490 2574 ma-
1515 2546 1761 2606 b1¹‘e{¹¹‘³y‘³³¹¹2.

178 2605 338 2654 culam,
387 2604 621 2644 servando
666 2604 713 2643 in
758 2617 811 2643 ea
855 2609 1028 2644 statum
1071 2610 1163 2643 tam
1209 2603 1399 2657 dignum
1444 2611 1493 2646 et
1547 2580 1771 2607 Otbnomlm'

175 2672 379 2714 nobilem
422 2678 469 2713 et
512 2673 690 2712 tuendo
734 2672 978 2725 pristinam
1019 2673 1298 2726 libertatem,
1348 2673 1492 2726 igitur

121 2748 161 2782 35
178 2742 326 2783 omnis
362 2742 503 2783 homo
544 2748 592 2782 et
629 2742 898 2795 specialiter
936 2742 1158 2783 secularis
1192 2742 1406 2782 dominus
1438 2756 1491 2783 ac

248 2855 459 2892 23.faciant;
487 2856 528 2883 ita
558 2856 650 2884 codd.
744 2864 791 2891 29.
815 2856 913 2883 Codd.
936 2856 967 2883 iu
988 2864 1102 2890 marg..-
1124 2855 1259 2891 Auferre
1277 2856 1356 2883 bona
1378 2858 1488 2891 tempo-

177 2902 261 2932 ralia
280 2905 499 2938 argumentum
519 2903 641 2930 bonum.
