2078 3338
225 268 315 297 cAp.
339 255 421 312 vn]
623 273 681 304 DE
708 271 991 307 POTESTATE
1017 271 1146 305 PAPE.

224 389 400 430 ponere
442 377 661 419 fidelibus
706 391 877 431 graves
923 377 1198 418 cerimonias
1244 375 1388 417 eciam
1424 376 1544 416 ultra

224 446 342 487 ritus
363 448 604 502 iudaycos,
633 446 720 487 sed
742 447 841 487 sine
862 447 953 488 illis
975 447 1054 487 vel
1076 446 1356 487 obediencia
1379 451 1545 487 exacta

226 531 251 557 a
281 517 426 558 Petro
461 517 683 558 diffiniret
713 516 980 558 libertatem
1013 529 1173 556 eorum
1205 522 1329 557 stare
1360 515 1408 557 in
1437 515 1544 567 isto,

226 588 354 641 quod
393 587 460 628 eis
500 592 547 628 et
585 587 808 639 gentibus
840 585 1029 627 suffecit
1060 587 1119 627 ad
1151 587 1349 627 salutem
1388 586 1545 639 gracia

191 656 400 698 5domini
431 657 574 698 Ihesu
607 656 789 698 Christi.
848 656 911 697 Et
946 660 1061 709 post
1095 657 1185 696 hec
1222 655 1432 707 Jacobus
1470 669 1542 696 so-

227 727 405 768 cialiter
443 732 491 767 et
531 725 793 766 domestice
832 725 1084 779 alloquitur
1115 726 1344 780 populum
1378 725 1544 781 inwhec

223 798 391 838 verba:
437 796 535 836 Viri
564 795 759 848 fratres,
804 795 958 836 audite
989 808 1074 848 me,
1120 793 1290 846 Symon
1334 796 1546 836 narravit

224 867 443 919 quomodo
458 866 583 907 Deus
605 866 807 906 visitavit
827 877 1007 906 sumere
1028 878 1079 906 ex
1096 866 1305 918 gentibus
1320 866 1545 918 populum

223 933 401 977 nomini
420 949 523 980 suoe
548 939 741 989 propter
762 936 880 988 quod
911 943 989 987 ego
1012 932 1161 976 iudico
1183 948 1272 976 non
1300 935 1547 987 inquietari

172 1015 210 1037 10
226 1019 312 1058 eos,
344 1006 421 1058 qui
452 1018 503 1046 ex
529 1006 737 1058 gentibus
767 1008 1098 1045 convertuntur.
1146 1004 1243 1045 Ubi
1274 1009 1438 1044 notum
1471 1009 1546 1044 est

226 1075 355 1129 quod
387 1074 590 1128 Spiritus
624 1073 827 1116 Sanctus
865 1087 957 1114 non
992 1073 1158 1115 scribit
1196 1086 1301 1114 eum
1332 1073 1543 1115 beatissi-

224 1158 348 1185 mum
384 1158 556 1198 papam
592 1145 800 1196 Petrum,
845 1144 932 1184 sed
971 1148 1113 1184 vocat
1150 1156 1256 1184 eum
1288 1141 1547 1197 Symonem

226 1228 289 1254 ex
318 1213 577 1254 humilitate
602 1213 794 1264 socium,
828 1218 876 1254 et
905 1213 1135 1265 Jacobum
1167 1226 1263 1254 non
1296 1226 1358 1253 ex
1390 1218 1546 1254 aucto-

224 1284 363 1325 ritate
406 1283 552 1334 Petri,
596 1284 683 1324 sed
724 1283 917 1324 Domini
961 1283 1029 1324 sic
1071 1284 1293 1333 locutum,
1346 1288 1394 1324 et
1436 1283 1545 1324 ideo

172 1354 208 1387 15
226 1353 526 1407 singulariter
547 1353 740 1407 dixisse,
764 1361 841 1406 ego
864 1354 1027 1404 iudico,
1050 1353 1178 1407 quod
1201 1354 1403 1394 verbum
1421 1353 1548 1395 foret

223 1423 365 1464 hodie
409 1422 618 1478 graviter
660 1428 712 1463 ut
754 1422 979 1463 rusticum
1025 1428 1072 1464 et
1120 1422 1433 1463 inconsonum
1475 1436 1545 1463 re-

223 1495 486 1546 probatum.
537 1492 639 1533 Nec
677 1492 803 1532 valet
840 1492 1045 1546 allegare
1086 1497 1249 1533 contra
1289 1492 1545 1534 modernos

225 1563 482 1617 episcopos
513 1562 681 1614 Jacobi
712 1562 1018 1614 sanctitatem,
1057 1562 1164 1616 quia
1193 1567 1373 1603 tantum
1406 1562 1547 1603 distat

223 1646 347 1687 papa
378 1646 403 1672 a
425 1631 676 1673 sanctitate
698 1631 842 1682 Petri,
876 1631 955 1685 qui
976 1645 1065 1672 nec
1087 1631 1135 1672 in
1156 1632 1248 1672 hoc
1269 1631 1549 1685 reprobavit

166 1713 210 1736 20
224 1702 454 1754 Jacobum
485 1715 574 1741 nec
618 1700 884 1742 vendicavit
928 1701 1057 1755 quod
1080 1714 1140 1741 ex
1164 1714 1248 1741 sua
1270 1701 1547 1741 auctoritate

224 1772 428 1823 Jacobus
463 1770 531 1811 sic
561 1771 795 1824 loquatur.
830 1769 965 1812 Sicut
994 1770 1139 1824 igitur
1168 1770 1387 1824 episcopi
1406 1771 1549 1824 longe

227 1846 336 1882 sunt
368 1855 395 1881 a
425 1841 673 1882 sanctitate
705 1841 885 1893 Jacobi,
924 1840 992 1882 sic
1030 1854 1156 1894 pape
1195 1839 1330 1880 nimis
1370 1840 1548 1882 distant

227 1925 252 1951 a
282 1910 533 1951 sanctitate
566 1910 708 1957 Petri.
757 1911 897 1951 Unde
939 1910 1086 1963 igitur
1127 1923 1253 1963 pape
1298 1909 1549 1951 auctoritas

226 1980 284 2021 ad
333 1979 677 2021 vendicandum
734 1981 793 2022 de
857 1979 1099 2034 episcopis
1157 1979 1286 2033 quod
1331 1992 1427 2020 non
1479 1984 1552 2020 est

170 2059 210 2092 25
228 2050 547 2103 exemplatum
596 2050 644 2090 in
695 2050 1000 2091 iurisdicione
1051 2049 1184 2089 Petri
1235 2062 1380 2102 super
1435 2049 1551 2089 alios

227 2125 418 2161 sanctos
452 2120 697 2173 apostolos
732 2120 813 2161 vel
852 2120 1146 2160 conversos?
1189 2118 1361 2159 Petrus
1395 2124 1551 2159 autem

227 2189 400 2229 nullam
432 2188 808 2230 dominacionem
839 2188 1109 2230 vendicavit
1141 2200 1286 2242 super
1317 2187 1434 2229 alios
1465 2188 1550 2229 fra-

228 2264 326 2300 tres
360 2272 484 2309 SUOS,
517 2259 605 2300 sed
636 2260 855 2313 apostolo
887 2257 1257 2312 reprehendenti
1287 2257 1443 2311 ipsum
1470 2258 1550 2298 hu-

111 2334 192 2369 200¹²
228 2327 401 2369 militer
428 2327 432 2384 Ι
462 2328 686 2371 obedivit.
738 2328 948 2369 Recolat
977 2327 1123 2383 igitur
1154 2340 1277 2381 papa
1309 2328 1549 2380 quomodo

174 2408 216 2439 30
229 2411 368 2439 nemo
401 2399 547 2439 debet
578 2398 668 2440 sibi
701 2398 912 2451 obedire,
949 2397 1038 2438 nisi
1071 2397 1130 2437 de
1164 2402 1341 2450 quanto
1375 2402 1427 2438 ut
1457 2397 1552 2438 Dei

231 2480 458 2520 organum
501 2467 674 2509 dixerit
715 2469 874 2520 legem
917 2480 1058 2518 suam,
1101 2479 1191 2507 nec
1229 2471 1420 2506 tenetur
1462 2466 1552 2507 sibi

233 2537 440 2589 credere,
490 2537 579 2578 nisi
622 2538 682 2578 de
727 2542 902 2591 quanto
947 2541 1137 2577 tenetur
1183 2536 1378 2576 credere
1422 2535 1552 2589 quod

230 2607 365 2647 Deus
401 2607 448 2647 in
483 2607 590 2661 ipso
627 2607 857 2661 loquitur3
897 2612 945 2647 et
980 2607 1072 2647 hoc
1109 2605 1324 2646 movebit
1356 2619 1461 2646 eum
1493 2605 1552 2645 ad

234 2677 528 2730 allegandam
576 2678 734 2731 legem
777 2675 981 2735 Domini,
1032 2675 1080 2716 in
1132 2688 1224 2728 qua
1276 2680 1350 2715 est
1401 2674 1550 2715 omnis

302 2813 352 2842 33.
375 2813 495 2842 Codd.:
517 2814 672 2842 movebat.

304 2909 334 2939 7.
360 2899 435 2930 Act.
460 2898 531 2937 XV,
564 2898 612 2935 13,
644 2907 693 2937 14,
724 2907 773 2939 19.

1751 270 1826 311 -157

1580 1500 1667 1527 Peter
1687 1499 1816 1526 claimed

1595 1544 1634 1563 no
1653 1534 1807 1569 authority

1597 1578 1670 1598 over
1688 1569 1800 1597 James.
