2078 3338
179 282 268 310 CAP.
295 270 379 328 xm]
577 283 632 314 DE
661 282 940 315 POTESTATE
968 283 1096 314 PAPE.

176 389 316 430 steria
331 390 568 442 prohibent
585 392 623 429 et
645 389 890 440 aliquando
908 388 1172 439 fulminum
1191 388 1301 428 ictus
1316 390 1493 439 segetes,

177 460 397 499 arborum
416 459 564 508 flores
591 461 630 498 et
654 458 906 510 pampinos
927 460 1132 497 exurunt.
1167 456 1317 509 Super
1337 457 1495 496 omnia

174 541 279 569 vero
301 529 424 581 regis
445 529 677 568 iniustieia
705 540 794 568 non
825 528 974 568 solum
1001 528 1356 579 prosperitatem
1381 539 1493 579 pre-

175 599 313 639 sentis
352 599 539 650 imperii
566 597 750 649 fuscat,
801 598 880 637 secl
930 597 1075 637 eciam
1115 597 1247 648 filios
1297 609 1404 637 suos
1455 599 1493 636 et

144 671 365 721 §nepotes7
410 680 464 708 ne
500 672 604 720 post
645 680 691 707 se
720 668 1012 707 hereditatem
1044 670 1231 718 teneant,
1277 667 1495 706 obscurat.

175 737 367 789 Propter
405 738 644 789 piaculum
690 738 810 777 enim
861 737 984 789 regis
1026 735 1288 776 Salomonis
1333 736 1496 776 domus

175 806 353 847 Israhel
383 806 611 847 Dominus
649 808 702 846 cle
734 807 949 847 manibus
974 806 1191 858 filiorum
1224 805 1400 846 Israhel
1431 805 1494 844 di-

175 876 341 928 spersit
372 879 410 916 et
434 879 625 929 propter
656 877 888 916 iusticiam
921 877 1044 927 regis
1075 875 1229 915 David
1260 876 1496 915 lucernam

176 947 230 986 de
260 946 431 986 semine
462 946 558 986 eius
590 947 636 985 in
668 946 928 986 Jerusalem
956 957 1136 998 semper
1162 945 1354 997 reliquit.
1387 944 1496 984 Ecce

57 1018 138 1061 25401
175 1018 395 1067 quantum
438 1016 621 1056 iusticia
664 1016 788 1067 regis
817 1016 961 1055 seculo
1006 1016 1134 1067 valet,
1169 1016 1215 1054 in
1244 1012 1248 1069 Ι
1276 1015 1497 1054 tuentibus

170 1085 411 1137 perspicue
426 1087 562 1137 patet.
596 1084 673 1124 Est
705 1085 825 1124 enim
853 1096 949 1137 pax
963 1085 1245 1136 populorum
1268 1086 1494 1123 tutamen-

176 1157 273 1195 tum
288 1154 455 1207 patrie,
485 1155 757 1194 immunitas
778 1154 935 1207 plebis,
967 1154 1304 1194 munimentum
1334 1153 1495 1205 gentis,

175 1237 289 1265 cura
338 1226 631 1276 languorum,
680 1225 910 1276 gaudium
961 1224 1210 1275 hominum,
1260 1223 1499 1275 temperies

176 1294 313 1343 aeris,
355 1295 576 1334 serenitas
618 1294 781 1344 maris,
820 1297 938 1333 terre
958 1293 1236 1345 fecunditas,
1273 1293 1497 1333 solacium

121 1369 159 1401 15
170 1370 449 1416 pauperum,
488 1363 713 1403 hereditas
736 1363 953 1414 filiorum
994 1366 1033 1403 et
1063 1363 1241 1403 sibimet
1276 1363 1367 1415 ipsi
1397 1375 1499 1415 spes

176 1434 341 1485 future
384 1433 682 1473 beatitudinis.
734 1433 942 1473 Attamen
986 1433 1099 1473 sciat
1146 1445 1246 1473 rex:
1294 1434 1409 1473 sicut
1452 1433 1498 1472 in

176 1503 333 1544 throno
371 1503 606 1542 hominum
639 1503 827 1555 primus
864 1503 1129 1542 constitutus
1166 1506 1240 1548 est,
1279 1503 1344 1542 sic
1381 1505 1419 1542 et
1451 1502 1508 1541 in-

172 1573 317 1626 penis,
338 1573 379 1612 si
399 1573 632 1612 iusticiam
654 1585 742 1612 non
762 1572 943 1624 fecerit,
970 1573 1233 1624 primatum
1260 1572 1499 1612 habiturus

178 1645 252 1688 est,
286 1654 440 1682 omnes
472 1654 667 1693 namque
697 1654 997 1693 quoscumque
1023 1645 1283 1694 peccatores
1310 1643 1358 1682 iu
1383 1654 1496 1694 pre-

120 1725 162 1748 20
176 1713 290 1753 senti
332 1713 413 1752 sub
458 1724 505 1751 se
547 1713 765 1764 habuerit)
810 1724 955 1764 supra
992 1725 1038 1752 se
1070 1713 1202 1751 mocio
1237 1712 1420 1764 plagali
1452 1712 1499 1750 in

173 1795 295 1835 pena
314 1781 486 1834 futura
517 1783 699 1822 habebit.
742 1782 803 1821 Et
833 1781 924 1822 ista
954 1783 1079 1821 bona
1112 1781 1361 1821 duodecim
1395 1794 1498 1820 cum

178 1864 304 1904 pena
327 1850 508 1891 decima
540 1850 686 1890 tercia
717 1856 968 1890 moverent
999 1864 1161 1905 regem
1195 1856 1242 1891 et
1269 1851 1499 1904 populum

180 1920 456 1961 altrinsecus
490 1934 541 1961 se
573 1920 745 1960 iuvare.

1700 281 1779 320 377

237 1990 297 2030 Et
327 2003 390 2029 ex
417 1989 520 2030 istis
543 1990 694 2042 primo
719 1995 854 2042 patet
886 1991 1013 2042 quod
1036 2004 1123 2029 rex
1146 1990 1319 2043 Anglie
1346 1989 1498 2042 primo
1549 2012 1614 2039 m
1635 2012 1706 2046 king
1728 2014 1757 2038 οἱ

123 2066 162 2098 25
181 2066 228 2100 et
276 2059 599 2112 principaliter
651 2060 785 2099 daret
837 2072 1028 2112 operam
1081 2060 1140 2099 ad
1190 2060 1500 2111 regulandum

1515 2047 1655 2085 England
1679 2046 1790 2085 should

1523 2085 1645 2109 enforec
1667 2090 1682 2107 a
1705 2082 1785 2115 right

1568 2117 1620 2143 lise
1642 2117 1670 2143 iu
1695 2117 1740 2143 his

181 2130 354 2170 elerum
401 2143 535 2169 suum
574 2134 623 2170 et
654 2129 926 2182 specialiter
966 2129 1221 2182 episcopos
1254 2136 1305 2169 ut
1337 2129 1501 2169 vivant
1550 2152 1682 2187 pfflaoes
1703 2151 1762 2178 and

181 2199 372 2240 similius
393 2199 489 2252 legi
505 2198 695 2249 Christi;
721 2204 872 2239 totum
897 2199 1019 2238 enim
1040 2213 1239 2251 regnum
1265 2205 1336 2239 est
1358 2212 1498 2238 unum

180 2282 370 2322 coerS‚
403 2269 532 2322 quod
563 2268 685 2309 tueri
718 2274 859 2321 atque
882 2269 1059 2308 mederi
1082 2274 1270 2321 spectat
1292 2269 1350 2308 ad
1370 2268 1499 2321 regis

182 2338 402 2388 officium,
442 2344 493 2378 ut
526 2338 638 2378 dicit
669 2338 760 2378 iste
794 2344 996 2378 sanctus.
1049 2338 1165 2378 Ideo
1201 2344 1394 2391 oportet
1432 2351 1500 2377 se-

126 2414 167 2445 30
182 2409 384 2449 cundum
435 2410 625 2448 beatum
678 2407 1034 2461 Crysostomum
1089 2407 1269 2448 Omelia
1319 2407 1502 2447 XXXI

183 2477 354 2531 Operis
383 2477 658 2530 Imperfecti
688 2477 899 2531 incipere
934 2491 957 2517 a
991 2479 1130 2527 clero,
1165 2491 1268 2517 cum
1302 2477 1361 2517 sit
1391 2490 1501 2529 pars

181 2547 453 2600 principalis
488 2553 536 2587 et
567 2548 834 2587 Stomachus
868 2547 1097 2599 corporis,
1129 2560 1218 2600 per
1247 2560 1385 2600 quem
1409 2546 1501 2586 cibi

184 2616 387 2670 digestio
433 2623 481 2657 et
524 2617 696 2657 sanitas
735 2622 844 2656 sunt
877 2617 934 2656 ad
968 2622 1127 2656 cetera
1158 2617 1366 2656 membra
1405 2629 1500 2656 cor-

182 2686 313 2739 poris
337 2686 603 2726 derivanda.
639 2684 844 2739 Oportet
876 2686 996 2726 enim
1028 2699 1191 2739 regem
1225 2687 1281 2726 ab
1313 2685 1403 2726 illis
1435 2685 1500 2724 in-

257 2830 295 2850 11.
318 2822 436 2849 (lodda
458 2821 512 2849 Est
531 2822 611 2849 enim
631 2822 723 2849 deest.
801 2830 843 2850 12.
868 2822 985 2850 Codd.:
1007 2823 1275 2849 immunimentum.

256 2907 308 2939 30.
335 2905 428 2947 Opp.
453 2912 537 2937 tom.
556 2906 611 2946 VI,
639 2916 716 2948 792·

1592 2187 1703 2221 οἷοι-εγ.
