2078 3338
211 267 299 295 CAP.
328 258 408 314 XII]
608 270 664 301 DE
691 269 972 302 POTESTATE
999 272 1128 303 PAPE.
1732 276 1813 314 353

208 388 296 415 nus
321 388 481 415 curare
506 374 563 414 de
588 374 1082 415 excommunicacione
1105 374 1387 426 huiusmodi,
1422 390 1526 416 cum

208 444 341 484 Deus
389 444 765 485 excommunicat
795 445 886 485 hoc
919 444 1185 498 implentes,
1239 445 1346 499 quia
1377 451 1429 486 ut
1461 445 1527 486 sic

210 513 490 554 defraudant
521 527 770 567 pauperes,
804 514 959 554 dando
991 514 1258 568 improvide
1288 516 1415 555 bona
1447 528 1529 555 sua

208 582 435 636 indignis;
490 584 619 636 quod
665 590 738 624 est
779 584 1040 624 indebitum
1088 589 1135 624 et
1179 598 1378 624 onerans
1422 598 1528 638 pro-

177 657 473 693 §curatorem
505 653 698 693 Domini
742 655 799 693 ad
846 653 1241 704 satisfaciendum,
1288 667 1390 694 cum
1424 654 1529 695 talis

209 721 391 762 solucio
425 735 520 762 non
553 723 613 763 sit
646 723 773 776 apud
795 736 1023 763 summum
1045 723 1249 763 iudicem
1273 724 1528 764 allocanda.

207 791 325 832 Nam
359 793 618 833 secundum
639 793 774 847 leges
799 793 1022 833 ecclesie:
1054 793 1221 844 Judice
1249 794 1402 834 fallaci
1423 807 1527 847 pro·
1599 846 1605 852 ‚
1632 804 1715 831 Such
1762 839 1767 843 ι

207 861 456 902 nunciante
510 863 649 902 talem
696 876 802 903 esse
845 863 1091 917 indignum
1137 863 1238 903 sive
1270 863 1530 904 hereticum
1571 846 1785 901 Ελὲζῖἷᾏᾞυῑξ]

207 945 302 971 non
333 931 500 971 liceret
531 932 598 972 sic
631 932 893 973 ministrare
927 933 1017 973 sibi
1045 935 1171 973 bona
1195 933 1410 984 ecclesie,
1445 934 1530 973 sed
1574 908 1784 978 xsxiffss’cnr‘ilftlll[ig.

156 1016 193 1037 10
207 1002 285 1041 vel
308 1006 431 1041 errat
445 1001 548 1041 talis
565 1001 711 1042 iudex
732 1003 809 1043 vel
833 1008 1019 1043 curatus
1043 1002 1129 1043 fuit
1153 1016 1274 1056 eque
1296 1003 1532 1058 indignus,

209 1076 457 1125 antequam
500 1071 608 1112 tulit
639 1072 745 1122 ipse
778 1072 1078 1123 sentenciam,
1123 1072 1267 1126 igitur
1312 1086 1415 1113 curn
1455 1087 1529 1113 no-

207 1141 404 1181 torietas
437 1141 547 1181 facti
578 1143 686 1195 plus
720 1142 864 1182 docet
893 1142 1225 1195 indignitatem
1258 1156 1394 1195 quam
1428 1156 1529 1183 sen-

207 1211 362 1252 tencia
392 1211 499 1252 talis
531 1211 712 1262 iudicis,
745 1211 934 1252 videtur
956 1212 1083 1266 quod
1113 1218 1218 1253 ante
1242 1213 1531 1253 sentenciam

208 1281 348 1320 talem
382 1282 528 1321 debet
561 1282 759 1321 credens
798 1282 1023 1334 operibus
1048 1282 1248 1335 operari.
1280 1282 1397 1323 Nam
1419 1295 1529 1336 pars

156 1350 416 1391 15Robe1·ti
465 1350 804 1405 Gybbonensis
860 1352 1237 1392 excommunicat
1284 1351 1530 1392 Urbanum

207 1426 420 1461 nostrum
474 1434 578 1461 cum
629 1421 725 1461 suis
773 1422 1084 1475 complicibus
1129 1428 1175 1462 et
1221 1427 1429 1473 econtra3
1484 1428 1531 1462 et

209 1497 556 1544 consequenter
614 1497 839 1545 potentes
899 1492 1115 1532 auferunt
1167 1493 1227 1532 ab
1287 1492 1354 1532 eis
1405 1493 1531 1532 bona

210 1560 423 1602 ecclesie.
451 1561 553 1601 Nec
589 1561 780 1601 dubium
805 1561 917 1615 quin
938 1576 1034 1602 non
1056 1561 1118 1602 sit
1138 1567 1340 1615 propter
1360 1562 1530 1602 nudam

209 1630 757 1671 excommunicacionem
789 1632 895 1685 plus
918 1632 995 1672 vel
1028 1632 1193 1682 minus,
1227 1632 1314 1672 sed
1344 1637 1396 1672 ut
1426 1645 1528 1685 pre-

152 1714 193 1736 2ο
207 1700 442 1741 varicator
476 1701 910 1742 excommunicatus
946 1715 969 1741 a
990 1702 1098 1741 Deo
1132 1701 1179 1741 in
1210 1702 1367 1757 legem
1399 1714 1530 1742 suam

209 1769 472 1811 offenderit.
497 1771 614 1811 Ideo
637 1772 804 1812 multas
826 1772 1017 1825 pulcras
1032 1772 1259 1812 veritates
1276 1771 1528 1812 catholicas
1579 1779 1647 1807 The
1668 1779 1785 1806 schism

1560 1814 1682 1842 teaches
1705 1822 1798 1849 many

206 1841 347 1893 plane
401 1841 543 1882 docet
593 1841 683 1882 ista
738 1841 855 1881 felix
913 1841 1159 1883 dissensio.
1221 1841 1355 1883 Sicut
1407 1841 1819 1919 enimezaggccgifiytzustlffi

209 1910 431 1951 Roberto
454 1912 649 1952 volente
675 1911 1079 1952 excommunicare
1103 1911 1349 1951 ecclesiam
1365 1911 1528 1965 Angli·
1567 1919 1804 1989 unimtggrtance

210 1993 383 2032 canam,
417 1980 506 2021 nisi
540 1981 621 2021 det
653 1981 749 2021 suis
784 1981 1095 2021 cardinalibus
1131 1986 1179 2022 et
1201 1980 1301 2021 aliis
1323 1980 1529 2034 indignis
1562 1989 1793 2028 ofesscommu·

153 2054 191 2085 25
210 2049 413 2091 decimas
438 2056 485 2091 et
506 2056 769 2104 proventus
793 2056 957 2092 nostre
974 2050 1190 2102 ecclesie,
1210 2050 1530 2091 derideremus
1608 2027 1756 2051 meanon.

210 2134 340 2161 suam
395 2120 695 2175 sentenciam,
747 2134 843 2161 non
899 2121 1051 2161 minus
1110 2126 1355 2161 servantes
1407 2122 1531 2161 bona

208 2204 470 2244 pauperum
512 2191 638 2231 veris
682 2191 904 2231 ministris
947 2191 1162 2232 ecclesie.
1216 2189 1295 2232 Sic
1333 2190 1529 2231 Urbano

207 2266 371 2301 nostro
389 2261 825 2302 excommunicante
843 2261 1090 2301 ecclesiam
1112 2261 1423 2314 Anglicanam
1443 2260 1533 2300 nisi

210 2330 290 2371 det
340 2331 520 2371 fructus
575 2331 776 2371 ecclesie
823 2345 944 2385 eque
995 2331 1216 2384 indignis,
1270 2331 1530 2371 deridendo

153 2402 542 2441 30rebellaremus
588 2406 751 2441 contra
795 2414 923 2441 suam
968 2400 1258 2441 sentenciam
1296 2414 1385 2454 pro
1423 2401 1531 2454 lege

207 2470 412 2522 Domini,
427 2476 479 2511 ut
499 2476 631 2523 patet
652 2470 700 2510 in
713 2471 907 2511 materia
925 2471 983 2510 de
1001 2469 1527 2525 excommunicacionel

89 2548 170 2588 249³
208 2540 268 2581 Et
282 2546 428 2594 patet,
451 2541 690 2594 quomodo
707 2541 1007 2581 antichristus
1025 2554 1128 2581 cum
1152 2539 1247 2580 suis
1270 2539 1526 2590 fraudibus,
1566 2547 1695 2576 Secular
1715 2547 1789 2574 laws

209 2625 302 2665 que
341 2617 450 2652 Sunt
479 2612 615 2664 leges
640 2610 1022 2661 AntiChfiStiane,
1055 2616 1248 2663 Superat
1284 2609 1331 2649 in
1362 2609 1524 2649 fraude
1562 2583 1803 2644 ῑὲῗιῗῑιῆἓὲὲείοῑ

210 2681 458 2722 seculares.
482 2680 582 2733 Ipsi
604 2680 737 2731 enim,
762 2681 905 2720 docto
928 2680 1185 2720 secundum
1207 2680 1341 2732 leges
1365 2692 1525 2719 eorum
1590 2652 1770 2680 Amoehmt'

153 2751 340 2804 35quod
373 2750 579 2791 creditor
611 2749 672 2790 sit
702 2749 939 2803 indignus,
983 2749 1161 2789 faciunt
1202 2749 1327 2802 quod
1371 2754 1530 2789 cesset

212 2820 427 2871 exacci03
473 2819 551 2860 isti
597 2825 751 2859 autem
795 2825 1006 2859 statuunt
1051 2819 1178 2871 quod
1221 2818 1302 2857 fiat
1335 2818 1528 2858 exaccio

210 2891 358 2942 partis
372 2889 578 2939 Domini,
610 2888 724 2929 licet
754 2888 896 2929 fuerit
917 2888 1171 2941 indignitas
1196 2887 1355 2940 quoad
1375 2887 1531 2927 Deum

279 2963 320 2986 De
335 2963 486 2987 Potestate
503 2963 590 2990 Pape.
1350 2957 1391 2989 23
