2078 3338
227 275 305 314 130

224 1628 252 1654 A
273 1634 344 1654 man
366 1635 435 1663 may
457 1627 493 1654 be

278 1662 309 1688 in
331 1662 446 1689 several

241 1700 333 1724 states
353 1701 383 1724 at
403 1705 488 1724 once.

249 1988 316 2015 The
337 1987 445 2023 higher
466 1996 482 2015 a

261 2023 360 2050 mari’s
382 2027 470 2056 state,

243 2058 293 2085 the
314 2066 415 2085 worse
436 2058 482 2085 his

324 2092 382 2120 sin.

956 271 1180 304 JOHANNIS
1205 269 1391 302 WYCLIF
1652 258 1758 311 [CAP.
1778 265 1830 293 VI.

514 377 705 418 stiarum
773 389 877 417 cum
930 374 1209 416 condicione
1260 379 1407 415 status
1457 374 1734 414 innocencie
1785 380 1834 415 et

513 447 726 487 saniores
787 445 1015 495 monachi,
1083 445 1164 498 qui
1222 449 1420 498 propter
1480 444 1833 497 perfeccionem

513 518 830 557 decreverunt
862 521 1032 557 statum
1063 515 1192 555 illum
1225 514 1417 568 eligere.
1468 513 1529 554 Et
1559 520 1692 567 patet
1722 527 1832 568 pro-

512 586 730 626 babilitas
755 585 955 636 cronice,
979 584 1140 640 lquam
1160 590 1315 624 narrat
1331 583 1598 624 Cestrensis
1611 584 1733 625 libro
1748 584 1831 635 IV,
1873 583 1953 628 193¹³

515 669 613 709 cap.
665 654 934 696 LXXXVI
992 654 1230 708 quomodo
1292 658 1510 706 tempore
1571 653 1865 694 dotacionis-‘³

515 725 716 766 ecclesie
764 724 918 765 audita
951 729 1024 764 est
1057 723 1269 776 angelica
1299 735 1399 763 vox
1435 722 1483 762 in
1514 735 1636 774 aere,
1670 723 1832 764 dicens

514 797 642 849 quod
674 796 804 835 hodie
835 795 1034 849 eſjsusum
1066 797 1129 834 est
1157 805 1377 834 venenum
1398 794 1447 833 in
1469 793 1654 834 ecclesia
1674 797 1833 834 sancta

512 866 609 908 Dei.
660 864 778 905 Nam
817 863 1258 917 quomodocumque
1300 863 1393 902 hoc
1437 862 1592 910 fuerit,
1635 863 1727 903 hoc
1761 868 1835 904 est

511 948 686 988 verum,
738 947 841 974 cum
887 934 1040 973 clerus
1088 946 1113 972 a
1156 938 1279 973 statu
1330 931 1613 985 perfecciori
1657 932 1834 973 decidit

512 1005 614 1045 sine
647 1004 950 1058 equivalente
981 1016 1307 1056 recompensa,
1341 1008 1392 1043 ut
1421 1008 1621 1043 eventus
1644 1003 1833 1055 patulus
1854 1013 1892 1034 10

511 1075 581 1115 rei
595 1076 780 1128 probat.
802 1072 945 1114 Unde
959 1072 1256 1113 manifestum
1279 1072 1465 1126 signum
1486 1072 1611 1112 foret
1625 1072 1834 1113 Pseudo-

513 1143 674 1184 christi
734 1143 1031 1197 dampnantis
1083 1148 1135 1183 ut
1179 1142 1438 1183 hereticum
1502 1143 1630 1196 quod
1682 1155 1834 1195 genus

511 1213 696 1254 illorum
742 1213 822 1266 qui
876 1213 944 1253 sic
993 1213 1344 1253 maculaverunt
1389 1218 1583 1253 matrem
1626 1217 1835 1252 nostram

512 1289 719 1337 possunt
751 1296 851 1323 earn
883 1296 1089 1336 purgare
1122 1283 1181 1322 de
1214 1283 1394 1323 macula
1427 1296 1564 1335 quam
1588 1295 1650 1322 ex
1674 1295 1835 1323 eorum

514 1352 721 1394 stulticia
764 1352 831 1392 sic
865 1351 1111 1394 contraxit.
1154 1351 1295 1392 Unde
1329 1352 1540 1406 capitalis
1574 1351 1891 1392 defendens¹5

514 1422 822 1476 pertinaciter
836 1422 971 1463 istam
994 1421 1282 1463 sentenciam
1307 1428 1469 1463 contra
1482 1421 1836 1476 perfeccionem

514 1494 830 1533 membrorum
882 1492 1054 1533 Christi
1106 1497 1153 1532 et
1203 1498 1365 1532 sancte
1416 1492 1574 1533 matris
1619 1491 1834 1543 ecclesie,

513 1562 812 1602 heresiarcha
841 1561 1139 1602 racionaliter
1169 1567 1331 1615 potest
1364 1562 1466 1603 dici.

573 1631 671 1673 Sed
723 1631 966 1672 dubitatur
1018 1631 1057 1671 si
1106 1632 1247 1672 homo
1293 1632 1353 1672 sit
1396 1632 1530 1672 simul
1581 1632 1628 1672 in
1678 1631 1835 1672 multis

515 1702 730 1742 statibus.
764 1702 825 1742 Et
845 1701 1035 1743 videtur
1061 1702 1253 1755 planum
1286 1702 1413 1755 quod
1445 1702 1512 1743 sic
1544 1702 1603 1742 de
1636 1701 1835 1742 statibus
1852 1711 1893 1733 20

513 1778 606 1812 tam
639 1771 855 1825 corporis
889 1785 1028 1824 quam
1061 1771 1213 1811 anime
1247 1771 1677 1825 compossibilibus,
1716 1771 1837 1812 sicut

511 1843 648 1882 homo
709 1842 856 1881 habet
917 1841 1052 1881 simul
1110 1841 1524 1882 denominaciones
1585 1842 1835 1882 multorum

515 1917 713 1962 actuum,
746 1916 798 1951 ut
828 1916 944 1964 puta
977 1911 1261 1964 qualitatum.

572 1980 795 2022 Similiter
847 1980 1156 2035 differendum
1210 1987 1283 2021 est
1343 1982 1530 2035 utrique
1588 1982 1833 2036 preposito

514 2050 735 2104 peccanti
784 2055 987 2104 propter
1039 2050 1318 2104 dignitatem
1379 2057 1540 2106 status,
1601 2059 1653 2094 ut
1701 2051 1889 2107 patet25

513 2119 759 2161 LXXXII
811 2120 1120 2161 distinccione
1173 2134 1276 2175 cap.
1334 2122 1564 2163 Presbiter
1615 2129 1664 2164 et
1714 2136 1833 2177 sepe

515 2190 642 2239 alibi;
689 2196 736 2231 et
782 2204 886 2231 cum
928 2191 1022 2231 hoc
1053 2191 1181 2232 valet
1225 2192 1483 2234 efficaciter
1513 2193 1832 2235 testimonium

513 2260 776 2313 Augustini
806 2261 855 2301 in
885 2261 1042 2301 multis
1074 2262 1208 2314 locis,
1252 2268 1304 2304 ut
1335 2263 1415 2303 ubi
1448 2264 1590 2305 docet
1628 2264 1756 2317 quod
1786 2264 1834 2305 in

512 2330 766 2382 Pharaone,
797 2330 845 2370 in
876 2330 1322 2373 Nabuchodonosor
1352 2339 1551 2387 propter
1583 2340 1754 2376 statum
1786 2341 1834 2376 et

515 2399 790 2455 dignitatem
832 2401 1039 2455 regalem
1083 2401 1141 2442 ad
1183 2402 1397 2457 regimen
1435 2404 1602 2457 populi
1633 2405 1834 2447 subiecti
1849 2403 1891 2435 30

513 2469 648 2510 Deus
679 2469 995 2523 inspiraverat
1025 2472 1341 2525 propheciam,
1376 2478 1422 2514 et
1452 2480 1652 2527 propter
1683 2488 1831 2516 sacer-

586 2649 612 2669 2.
634 2642 786 2669 monachi.
814 2642 931 2671 Codd.:
958 2652 1088 2672 monses.
1164 2653 1190 2681 7.
1219 2646 1274 2674 AB
1301 2647 1332 2674 in
1358 2655 1472 2683 marg:
1503 2646 1568 2675 Vox
1592 2647 1684 2676 hodie
1705 2647 1833 2684 effusum

515 2690 559 2715 est
576 2694 733 2716 venenum.
811 2697 855 2724 19.
876 2690 930 2717 AB
950 2690 981 2718 in
1002 2699 1117 2727 marg:
1138 2692 1246 2719 Status
1264 2693 1375 2721 multos
1394 2694 1424 2721 si
1439 2696 1522 2721 tenet
1540 2695 1641 2723 homa

583 2780 615 2812 4.
644 2772 848 2816 CestrensiS,
887 2774 905 2807 i.
941 2784 968 2807 e.
1003 2775 1209 2817 Radulphus
1247 2777 1290 2808 de
1328 2777 1464 2819 Higden
1497 2778 1531 2810 in
1565 2778 1832 2821 Polychronico.

515 2830 594 2860 Non
626 2836 677 2861 est
706 2840 781 2872 cap.
813 2831 983 2863 LXXXVI
1015 2833 1076 2864 sed
1108 2833 1230 2877 XXVI,
1257 2840 1342 2868 tom.
1368 2836 1410 2878 V,
1442 2836 1514 2868 130.
1613 2836 1664 2869 26.
1696 2837 1830 2869 Decreti

515 2887 632 2918 Prima
658 2898 747 2929 pars,
775 2889 852 2922 dist.
881 2889 1046 2931 LXXXII,
1074 2901 1149 2933 cap.
1173 2893 1213 2924 V.
