2078 3338
258 265 347 295 cAP.
368 259 466 311 V111.]
656 270 715 301 DE
740 267 1022 301 POTESTATE
1048 268 1178 302 PAPE.
1787 277 1861 320 183

314 373 514 427 Septimo
558 374 742 426 contigit
771 373 1005 415 Romanos
1047 382 1204 414 contra
1248 375 1574 425 iuramentum,

252 446 370 496 quod
412 445 686 496 imperatori
716 444 940 496 fecerant,
985 445 1151 484 scilicet
1181 446 1298 496 quod
1340 458 1571 497 nunqnam

253 514 464 565 eligerent
492 526 667 565 papam
698 514 796 553 sine
827 514 923 553 eius
954 517 992 553 et
1022 514 1118 553 sine
1136 514 1236 565 filii
1267 513 1363 554 eius
1391 513 1575 555 Othonis

252 595 482 631 consensu,
513 582 805 622 Benedictum
832 594 1013 635 papam
1048 584 1332 636 constituunt,
1370 584 1449 624 sed
1481 585 1572 624 im-

220 659 236 690 5
245 656 438 704 perator
467 652 617 692 Roma
655 653 834 693 obsessa
872 654 984 692 adeo
1016 652 1250 693 Romanos
1287 653 1483 706 affflixit,
1528 658 1575 694 ut

250 722 444 763 Leonem
482 734 661 774 papam
705 734 751 762 se
792 725 1052 774 recepturos
1083 723 1401 774 promitterent
1438 726 1476 762 et
1509 723 1575 762 sic

250 791 518 833 Benedictus
547 791 769 831 renuitur.

315 860 493 910 Octavo,
547 873 667 901 anno
719 861 898 901 domini
941 860 1128 901 MXLV
1163 860 1444 914 Benedictus,
1497 863 1574 914 qui

249 931 508 982 symoniace
531 933 763 983 papatum
794 931 1042 979 invaserat,
1074 942 1178 970 cum
1207 934 1318 971 esset
1348 932 1483 971 rudis
1513 932 1570 971 li-

197 1002 471 1046 xoterarum‚
515 1001 713 1040 alterum
757 1000 820 1039 ad
861 999 977 1039 vices
1009 999 1294 1039 ecclesiastici
1325 999 1467 1051 officii
1498 1013 1570 1040 ex—

250 1069 475 1120 equendas
487 1081 639 1109 secum
660 1081 841 1121 papam
858 1066 1128 1108 Silvestrum
1154 1070 1417 1109 consecrari
1437 1069 1573 1120 fecit,-

249 1139 367 1191 quod
387 1151 492 1179 cum
513 1138 673 1179 multis
693 1150 783 1178 non
808 1139 1023 1190 placeret,
1055 1138 1222 1179 tercius
1246 1139 1568 1191 superinduci—

249 1212 327 1248 tur
362 1205 631 1260 Gregorius,
673 1208 751 1259 qui
787 1209 910 1247 solus
952 1208 1070 1247 vices
1106 1209 1307 1248 duorum
1351 1209 1569 1261 impleret„

306 1276 449 1328 NonO,
493 1289 613 1317 anno
658 1277 836 1317 domini
867 1276 1076 1317 MXLVI
1105 1276 1247 1318 Rome
1284 1290 1373 1318 uno
1412 1282 1571 1320 contra

195 1348 363 1387 15duos
393 1350 432 1387 et
463 1347 638 1387 duobus
669 1350 827 1386 contra
858 1359 1002 1386 unum
1037 1347 1092 1387 de
1117 1350 1298 1400 papatu
1340 1349 1568 1388 altercan—

247 1417 364 1456 tibus
394 1429 473 1457 rex
493 1415 725 1456 Henricus
755 1419 912 1456 contra
944 1428 1018 1456 eos
1047 1415 1249 1456 Romam
1280 1418 1406 1457 vadit
1437 1421 1477 1458 et
1508 1419 1572 1458 eis

247 1485 468 1526 canonica
506 1489 543 1526 et
580 1486 819 1538 imperiali
861 1498 1055 1526 censura
1098 1486 1325 1539 depositis,
1367 1485 1571 1528 Clemens

240 1556 456 1609 presidet,
501 1559 539 1596 et
582 1557 637 1596 ab
682 1568 730 1596 eo
772 1567 851 1596 rex
882 1555 1114 1596 Henricus
1156 1557 1203 1596 in
1241 1557 1569 1609 imperatorem

247 1626 536 1673 benedicitur,
575 1626 836 1665 iurantibus
866 1625 1091 1666 Romanis
1126 1638 1174 1666 se
1203 1626 1300 1666 sine
1334 1626 1431 1666 eius
1461 1639 1566 1666 con-

188 1713 230 1734 20
243 1708 376 1736 sensu
407 1708 644 1747 nunquam
669 1707 849 1748 papam
873 1696 1100 1736 electuros.
1132 1695 1264 1735 Tunc
1289 1695 1410 1735 enim
1436 1709 1566 1748 prac—
1606 1715 1672 1742 The
1692 1724 1835 1751 emperor

244 1765 387 1805 tizata
417 1765 506 1806 fuit
536 1766 617 1805 lex
649 1778 767 1818 sepe
799 1769 939 1816 taeta,
974 1779 1067 1818 que
1099 1765 1293 1818 ponitur
1324 1765 1406 1806 ΠΙ.
1439 1765 1562 1820 Reg.
1591 1750 1847 1821 (ῃιὲθέζῖᾼᾷᾗζη)

243 1834 301 1888 Π,
334 1849 385 1887 35
421 1836 549 1889 quod
579 1835 726 1876 instar
759 1833 1026 1875 Salomonis
1058 1848 1147 1874 rex
1179 1836 1324 1875 debet
1367 1835 1415 1875 in
1455 1849 1565 1875 casu
1610 1821 1828 1892 ἒξῑὲῗδξξῃξῗὲ,

244 1906 489 1959 deponere
535 1918 763 1945 summum
805 1904 1094 1958 pontificem.
1140 1905 1273 1945 Tunc
1313 1904 1457 1945 eciam
1494 1919 1564 1945 ac-

244 1974 373 2028 cepit
414 1988 503 2015 rex
540 1975 597 2014 ab
632 1987 689 2014 eo
722 1974 958 2014 humiliter
990 1974 1391 2026 benediccionem,
1437 1976 1567 2028 quod

186 2051 227 2083 25
241 2049 355 2097 post
385 2043 709 2084 infidelitatem
731 2048 952 2083 vocatum
976 2048 1050 2083 est
1070 2044 1389 2084 necessarium
1413 2058 1564 2085 sacra—

241 2119 450 2155 mentum
488 2120 535 2154 et
574 2113 871 2154 confirmacio
911 2113 1012 2153 sine
1045 2127 1137 2166 qua
1175 2127 1270 2153 non
1302 2114 1356 2153 fit
1400 2114 1565 2167 aliquis

240 2183 512 2237 imperator.
565 2182 663 2224 Sed
705 2182 795 2222 ista
831 2183 941 2223 ficta
977 2183 1220 2223 mendacia
1258 2189 1395 2224 extra
1425 2185 1566 2225 fidem

121 2258 203 2292 206d
241 2253 475 2306 scripture
514 2266 576 2293 ex
613 2252 764 2306 gestis
792 2250 797 2308 Ι
827 2257 875 2292 et
911 2252 1047 2292 factis
1085 2253 1327 2306 preteritis
1361 2268 1466 2294 cum
1498 2268 1564 2294 ra-

242 2323 457 2363 cionibus
508 2322 835 2375 professorum
887 2322 1124 2375 scripture
1175 2323 1342 2363 relicta
1387 2330 1498 2364 sunt
1542 2338 1566 2364 a

185 2392 427 2433 3odomino
474 2391 813 2432 convincenda.
870 2391 1040 2432 Tercio
1085 2397 1221 2444 patet
1271 2394 1400 2446 quod
1438 2399 1564 2433 ante-

241 2475 379 2515 quam
410 2462 681 2502 introducta
714 2467 787 2502 est
818 2462 1008 2502 novella
1031 2468 1077 2501 et
1106 2461 1408 2503 infundabilis
1434 2468 1566 2502 secta

241 2530 553 2584 cardinalium,
597 2544 723 2584 papa
765 2530 854 2570 fuit
899 2530 1078 2571 electus
1121 2545 1148 2570 a
1178 2532 1359 2585 populo
1391 2531 1564 2572 Roma-

239 2614 420 2642 norum.

312 2722 354 2748 14.
376 2714 429 2741 AB
450 2714 481 2741 in
502 2722 617 2749 marga
643 2714 857 2741 „lut-amentum
878 2714 1073 2749 imperatoris
1093 2715 1210 2742 dicitur
1234 2714 1441 2742 necessarium
1460 2723 1564 2742 sacra-

238 2764 378 2789 mentum.

315 2842 342 2864 1.
369 2832 452 2863 lbid.
481 2843 513 2874 p.
546 2843 595 2866 11.
673 2831 704 2864 8.
738 2832 876 2864 Radulfi
911 2836 953 2864 de
979 2833 1100 2864 Diceto
1133 2843 1210 2874 pag.
1245 2833 1316 2874 187.
1342 2833 1443 2870 *Huss
1471 2836 1562 2873 230³.

247 2898 296 2929 14.
323 2890 408 2923 [bid.
