2078 3338
220 255 312 284 CAP.
332 245 386 303 IL]
617 259 675 290 DE
703 258 983 290 POTESTATE
1011 258 1138 290 PAPE.
1777 263 1831 303 33

219 362 373 416 igneis
395 362 503 405 Act.
524 362 590 409 ΙΙ;
625 362 787 416 quinta
809 362 969 416 opinio
995 362 1108 403 dicit
1140 363 1270 416 quod
1300 361 1348 402 in
1380 374 1536 402 ascen-

221 432 367 483 sione,
391 435 580 485 quando
600 432 737 474 dixit:
762 433 840 486 Ite,
857 434 1005 474 docete
1026 446 1182 473 omnes
1198 435 1366 485 gentes,
1389 432 1537 484 bapti-

219 505 370 543 zantes
413 515 486 543 eos
516 502 680 542 Matth.
714 503 812 548 ult.;
859 507 996 542 sexta
1040 502 1201 555 opinio
1247 501 1360 541 dicit
1398 500 1540 554 quod,

221 571 409 624 quando
454 571 606 624 primo
650 571 777 612 misit
820 572 1064 625 apostolos
1109 571 1167 611 ad
1201 570 1542 624 predicandum

189 640 386 682 5Matth.
417 640 479 692 X,
513 644 537 681 8
571 640 702 681 dicit:
735 640 958 693 Infirmos
989 645 1155 682 curate.

279 709 377 752 Sed
410 711 579 751 doctor
601 712 829 764 reprobat
852 723 1015 751 omnes
1041 710 1155 751 istas
1178 723 1268 750 sex
1291 709 1542 764 opiniones

220 794 308 834 per
325 781 417 820 hoc
440 781 581 833 quod,
605 780 792 833 quando
814 779 929 820 fecit
951 792 1035 820 eos
1057 780 1303 832 apostolos
1320 771 1451 819 dedit
1474 778 1542 819 eis

220 855 512 904 potestatem
535 849 607 890 sui
629 849 786 902 officii,
809 863 902 903 que
927 855 1000 890 est
1020 855 1236 903 potestas
1260 848 1542 897 sacerdocii;

220 934 311 960 nec
355 919 570 973 sequitur
613 920 742 973 quod
785 920 947 973 primo,
994 920 1182 973 quando
1227 918 1435 973 precipit
1473 918 1542 959 eis

167 1004 206 1025 10
220 990 309 1030 hec
331 989 500 1042 facere,
522 990 789 1030 habuerunt
808 988 1393 1042 huiusmodipotestatem.
1424 988 1544 1029 Nam

220 1060 323 1111 Joh.
347 1059 430 1110 IV,
455 1073 475 1100 2
509 1060 684 1113 legitur
717 1060 847 1112 quod
876 1059 1071 1100 vivente
1099 1059 1318 1113 Baptista
1340 1057 1544 1112 apostoli

219 1129 517 1183 baptizarunt
551 1135 599 1171 et
630 1129 698 1170 sic
719 1129 1026 1183 predicarunt
1049 1134 1098 1170 et
1117 1130 1262 1170 multa
1284 1128 1543 1169 sacerdotis

221 1199 377 1239 officia
428 1205 535 1240 ante
585 1205 785 1240 mortem
831 1199 1002 1240 Christi
1058 1205 1385 1249 exercuerant,
1439 1212 1543 1239 cum

220 1268 381 1310 Yudas
420 1269 508 1310 fuit
548 1269 815 1323 episcopus⁷
852 1275 904 1310 ut
938 1269 1107 1310 dicitur
1137 1269 1346 1310 Actuum
1376 1267 1542 1322 primo.

97 1342 175 1386 169⁸
277 1338 332 1379 In
375 1338 465 1380 ista
499 1337 503 1394 Ι
537 1339 731 1380 materia
773 1339 995 1380 videntur
1037 1338 1148 1379 mihi
1190 1339 1278 1380 tria
1322 1338 1587 1379 dicendazln
1611 1351 1686 1379 such
1705 1357 1832 1381 matters

217 1409 376 1450 Primo
411 1409 540 1462 quod
571 1409 814 1450 sentencia
843 1409 933 1450 ista
965 1408 1176 1450 doctoris
1208 1408 1270 1449 sit
1298 1408 1410 1449 satis
1431 1422 1539 1462 pro·
1582 1389 1797 1465 ονὲῗηὲᾗῗῗνυῗῗὴ

219 1478 402 1531 babilis,
447 1479 656 1520 secundo
695 1479 885 1520 videtur
927 1478 1038 1519 mihi
1069 1492 1240 1519 vanum
1276 1477 1411 1519 nimis
1447 1478 1539 1519 dis·
1560 1458 1821 1521 Whiiznbscrigfure

221 1554 383 1590 cutere
429 1549 616 1602 quando
674 1548 879 1602 apostoli
926 1548 1299 1601 baptizabantur,
1360 1547 1540 1588 ordina-

219 1620 390 1659 bantur
409 1618 457 1658 in
480 1619 757 1659 sacerdotes
788 1619 865 1659 vel
888 1624 1180 1659 sacramenta
1202 1617 1292 1658 alia
1313 1617 1540 1658 ministra-

152 1677 207 1723 '20
220 1694 387 1730 verant
414 1688 515 1729 sive
543 1694 827 1742 receperant
848 1689 968 1729 ultra
983 1688 1113 1742 quod
1136 1693 1210 1729 est
1224 1687 1272 1728 in
1287 1687 1539 1741 evangelio

222 1764 565 1812 expressatum.
599 1757 752 1800 Scivit
775 1758 897 1799 enim
921 1757 1135 1799 Christus
1165 1758 1295 1811 quod
1323 1757 1541 1798 infideles

221 1827 461 1869 christiani
492 1829 628 1882 signa
660 1834 914 1882 querentes
938 1828 996 1868 ad
1019 1827 1375 1869 sacramentalia
1396 1827 1541 1868 Sensi-

218 1898 342 1952 bilia,
387 1898 576 1939 dimissa
618 1912 671 1939 re
715 1898 1011 1948 sacramenti,
1057 1898 1376 1944 attenderent;
1428 1897 1539 1938 ideo
1643 1924 1748 1952 Christ

221 1968 280 2008 de
335 1967 594 2008 ministerio
653 1973 1051 2009 sacra-mentorum
1108 1967 1376 2008 huiusmodi
1430 1967 1542 2008 facit
1555 1960 1829 2030 oppss{3{³e{1b¹t>{,em

162 2040 203 2073 25
218 2038 449 2078 modicam
479 2038 788 2090 mencionem,
834 2038 920 2078 sed
958 2044 1010 2078 ut
1042 2050 1134 2091 ego
1170 2037 1313 2078 credo
1345 2036 1540 2078 insensi-
1589 2030 1798 2092 wiggggitbssny

219 2107 376 2149 biliter
409 2107 509 2148 sine
532 2112 826 2148 sacramento
850 2107 1074 2161 sensibili,
1106 2113 1342 2161 tamquam
1363 2106 1541 2161 primus
1601 2104 1785 2127 sacrament.

219 2177 444 2231 magister
476 2177 711 2218 ordinavit
732 2190 844 2217 suos
869 2177 1116 2231 apostolos
1140 2177 1428 2219 sacerdotes.
1462 2175 1542 2218 Sic

221 2247 343 2289 enim
385 2247 724 2288 insensibiliter
768 2247 1005 2289 ordinavit
1050 2247 1256 2301 Moysen
1298 2247 1347 2287 in
1389 2246 1543 2287 veteri

218 2322 522 2368 testamento,
565 2317 671 2371 ipse
715 2322 870 2358 autem
900 2316 990 2358 fuit
1020 2318 1259 2368 sacerdos,
1301 2316 1415 2357 licet
1446 2329 1543 2357 non

164 2391 206 2423 ‘50
219 2386 446 2427 Aaronita
477 2386 768 2427 sensibiliter
800 2386 1060 2436 ordinatus;
1097 2392 1146 2427 et
1176 2386 1240 2427 ita
1270 2385 1541 2440 ignoramus

222 2457 384 2509 locum,
417 2463 606 2510 tempus
640 2461 689 2497 et
719 2456 931 2506 formam,
977 2456 1147 2510 quibus
1187 2455 1390 2509 apostoli
1423 2454 1541 2495 ordi—

219 2526 316 2567 nati
345 2526 532 2567 fuerant
563 2526 858 2574 sacerdotes;
899 2526 1127 2566 debemus
1160 2531 1316 2566 tamen
1345 2525 1541 2566 credere

221 2596 351 2650 quod
413 2595 453 2636 si
513 2595 682 2636 fuisset
745 2596 852 2649 plus
915 2595 1238 2637 necessarium
1285 2596 1345 2636 ad
1399 2595 1542 2635 fidem

291 2788 341 2817 28.
362 2789 416 2816 AB
435 2789 467 2816 in
488 2798 603 2825 marg:
624 2789 741 2818 Moz'ses
751 2789 822 2827 fuit
839 2790 998 2825 sacerdos,
1018 2798 1078 2818 non
1099 2790 1266 2818 Aaronita.

293 2885 322 2917 3.
348 2883 468 2917 Matth.
493 2884 645 2923 XXVIII,
677 2895 727 2928 19.

290 2945 333 2970 De
350 2946 501 2970 Potestate
517 2946 602 2974 Pape.
1384 2944 1399 2974 3
