2078 3338
239 269 319 318 27ὁ
958 280 1182 312 JOHANNIS
1209 280 1396 313 WYCLIF
1663 272 1768 323 [CAP.
1790 280 1842 308 xi.

529 382 659 423 censi
701 396 908 437 vespere
953 389 1001 425 et
1041 398 1191 436 mane,
1233 390 1286 426 ut
1322 390 1456 438 patet
1485 385 1640 426 Exod.
1672 386 1842 438 XXX,

526 457 674 505 patet,
713 454 842 507 quod
877 452 1072 494 inferior
1104 454 1327 495 sacerdos
1365 460 1652 507 potestatem
1681 456 1844 497 habuit

529 522 745 564 defectus
764 523 931 564 summi
949 523 1189 577 pontificis
1206 525 1509 578 exsupplere.
1533 524 1688 578 Quare
1701 525 1845 581 igitur

527 605 622 632 non
637 592 684 632 in
705 592 816 648 lege
838 606 977 643 nova,
1009 593 1091 633 ubi
1110 592 1228 634 ritus
1250 593 1356 635 talis
1377 593 1529 634 minus
1553 595 1840 635 attenditur?

525 662 635 702 Hoc
680 662 801 703 enim
846 662 1050 703 officium
1088 663 1360 716 pertinebat
1397 664 1694 718 singulariter
1740 671 1878 705 cum5

524 731 718 784 paribus
757 733 815 773 ad
852 746 1080 773 summum
1116 733 1404 786 pontificem,
1442 739 1494 774 ut
1530 739 1664 787 patet
1693 733 1846 777 Exod.

237 800 291 827 Yet
313 800 364 826 1¹¹⁶
386 799 502 834 danger
525 801 682 842 XXX
705 808 752 843 et
774 802 1005 843 XXXIX
1030 808 1076 842 et
1096 802 1299 843 Levitici
1318 802 1449 855 VIII,
1481 809 1672 857 oportet
1689 809 1847 845 tamen

307 835 342 862 of
359 835 434 862 such

271 869 470 896 distinctions
527 876 620 911 tam
653 885 716 912 ex
746 878 880 925 parte
913 872 1210 926 superiorum
1244 885 1383 926 quam
1412 873 1686 914 inferiorum
1709 887 1847 927 quam

293 912 306 929 S
371 912 398 930 W

237 908 326 974 ηἶῐὲρῖῖ
341 905 374 966 ῗῐῐῑ
396 904 511 966 ἓξὲξ-Ε
528 941 674 982 eciam
710 942 865 983 tocius
903 942 1071 996 populi
1109 955 1278 983 cavere
1315 943 1538 996 pericula.
1600 943 1677 983 Ex
1712 948 1847 997 parte

526 1011 836 1065 superiorum,
875 1026 936 1053 ne
970 1012 1143 1053 exinde
1176 1012 1467 1066 superbiant,
1499 1018 1725 1067 putantes
1755 1014 1847 1054 hoc
1868 1030 1906 1051 10

528 1081 595 1121 eis
640 1082 921 1136 contingere
965 1095 1085 1136 pure
1125 1095 1186 1122 ex
1216 1082 1520 1123 institucione
1565 1082 1734 1134 divina,
1779 1096 1846 1124 se-

528 1152 683 1192 cundo
718 1165 777 1192 ne
810 1152 869 1192 ad
898 1152 1027 1193 illum
1059 1157 1232 1193 statum
1259 1157 1501 1193 sumantur
1522 1152 1767 1204 inhabiles,
1801 1158 1848 1193 et

527 1220 675 1262 tercio
710 1221 899 1262 omnino
931 1235 991 1262 ne
1025 1235 1087 1262 ex
1120 1220 1376 1275 cupiditate
1410 1235 1573 1263 eorum
1600 1222 1694 1262 tale
1717 1221 1846 1262 mini-

527 1291 719 1332 sterium
752 1291 811 1332 sit
833 1291 1015 1332 venale.
1050 1289 1359 1332 Sacerdotem
1391 1296 1546 1331 autem
1578 1290 1849 1332 inferiorem

527 1365 722 1415 oportet
766 1374 937 1401 cavere
982 1361 1039 1400 ab
1082 1359 1185 1401 istis
1218 1365 1267 1400 et
1299 1359 1502 1411 omnino,
1547 1373 1607 1401 ne
1647 1374 1709 1401 ex
1739 1367 1904 1414 pre-15

527 1430 803 1484 sumpcione
848 1429 1094 1471 temeraria
1138 1431 1220 1471 det
1263 1429 1532 1470 scandalum
1575 1430 1707 1471 fratri
1750 1444 1850 1473 su0.

524 1500 586 1540 Et
618 1513 802 1541 omnem
834 1501 1023 1541 fidelem
1055 1506 1249 1554 oportet
1295 1500 1543 1540 attendere
1581 1513 1642 1541 ne
1674 1500 1848 1541 talibus

525 1570 661 1611 nimis
698 1571 997 1624 ponderante
1034 1570 1198 1624 precio
1236 1569 1474 1611 innitatur.
1525 1569 1690 1624 Aliqui
1726 1569 1849 1610 enim

525 1641 633 1694 plus
666 1640 996 1694 appreciantur
1026 1640 1116 1680 hos
1146 1639 1267 1681 ritus
1298 1641 1423 1680 bene
1470 1640 1557 1680 sed
1580 1639 1848 1680 humanitus

528 1709 809 1751 adinventos
866 1724 1004 1764 quam
1048 1709 1354 1765 evangelium
1392 1710 1472 1750 vel
1509 1710 1726 1750 mandata
1770 1710 1847 1749 de·
1864 1724 1907 1746 20

527 1780 691 1834 calogi.
723 1780 1050 1821 Periculosum
1073 1786 1159 1831 est,
1190 1779 1394 1833 inquam,
1416 1778 1599 1820 iudaice
1620 1779 1708 1820 hos
1729 1780 1847 1821 ritus

525 1850 988 1903 preternecessarios
1039 1849 1175 1890 nimis
1221 1850 1486 1896 attendere;
1538 1850 1673 1890 Deus
1727 1849 1848 1890 enim

526 1921 720 1974 supplet
764 1921 981 1961 defectus
1027 1933 1190 1961 eorum
1234 1933 1298 1960 ex
1343 1919 1443 1960 aliis
1488 1918 1714 1973 operibus
1757 1919 1848 1959 vir-

526 1990 690 2031 tuosis.

585 2058 808 2101 Secundo
853 2058 1175 2113 principaliter
1226 2059 1293 2100 sic
1338 2058 1567 2112 arguitur:
1619 2057 1695 2098 Ex
1737 2058 1848 2113 lege
1864 2062 1904 2095 25

526 2130 680 2170 veteri
725 2129 916 2171 eliciunt
959 2131 1108 2170 sancti
1154 2135 1201 2170 et
1235 2129 1239 2184 Ι
1272 2130 1407 2182 leges
1455 2127 1658 2169 ecclesie
1721 2126 1850 2180 quod
1888 2133 1968 2166 230⁸

526 2205 726 2252 propter
773 2199 1110 2240 distincciones
1163 2199 1378 2239 ordinum
1431 2204 1539 2239 sunt
1590 2196 1850 2237 ministeria

528 2269 758 2323 episcopo
794 2270 1030 2323 deputata.
1063 2269 1205 2310 Unde
1227 2267 1489 2323 Dyonisius
1521 2267 1569 2308 in
1590 2267 1666 2307 De
1688 2266 1847 2306 Eccle-

528 2338 716 2379 siastica
760 2338 1017 2380 Yerarchia
1067 2338 1204 2393 ponit
1253 2343 1352 2379 tres
1397 2337 1587 2378 ordines
1632 2336 1847 2387 ecclesie,

527 2408 711 2449 scilicet
743 2408 956 2449 ordinem
992 2408 1330 2463 yerarchicum,
1364 2421 1504 2461 quem
1528 2406 1847 2461 episcopalem
1862 2411 1905 2444 30

525 2478 760 2532 intelligit,
785 2478 997 2519 ordinem
1021 2479 1365 2519 sacerdotalem
1387 2478 1465 2518 vel
1486 2476 1847 2531 presbiteralem

529 2554 576 2588 et
608 2548 820 2588 ordinem
847 2548 1211 2599 ministerialem,
1245 2555 1292 2589 et
1314 2547 1609 2601 distinguens
1630 2544 1847 2600 proprias

529 2618 841 2671 operaciones
917 2617 1285 2671 uniuscuiusque
1355 2617 1554 2658 istorum
1619 2614 1847 2666 ordinum,

599 2774 647 2794 20.
670 2765 769 2793 Codd.
791 2766 822 2793 in
843 2774 957 2801 marg.:
978 2766 1066 2793 Ritus
1084 2765 1298 2793 sacerdotales
1318 2765 1518 2801 episcopales.

600 2850 652 2883 28.
680 2852 726 2882 St.
746 2850 904 2893 Dionysii
924 2851 1052 2891 Areop.
1078 2850 1129 2881 De
1148 2849 1279 2882 Eccles.
1302 2848 1480 2881 Hierarch.
1500 2848 1578 2889 (Ed.
1599 2847 1709 2890 Lugd.
1734 2846 1846 2889 1572).

527 2919 604 2950 pag.
637 2916 709 2941 1:21.
