<?xml version="1.0" encoding="UTF-8"?>
<!DOCTYPE html PUBLIC "-//W3C//DTD XHTML 1.0 Transitional//EN"
    "http://www.w3.org/TR/xhtml1/DTD/xhtml1-transitional.dtd">
<html xmlns="http://www.w3.org/1999/xhtml" xml:lang="en" lang="en">
 <head>
  <title>
</title>
<meta http-equiv="Content-Type" content="text/html;charset=utf-8" />
  <meta name='ocr-system' content='tesseract 3.04.00' />
  <meta name='ocr-capabilities' content='ocr_page ocr_carea ocr_par ocr_line ocrx_word'/>
</head>
<body>
  <div class='ocr_page' id='page_1' title='image "./tractatusdepotes00wycl_0358.png"; bbox 0 0 2078 3338; ppageno 0'>
   <div class='ocr_carea' id='block_1_1' title="bbox 262 261 343 308">
    <p class='ocr_par' dir='ltr' id='par_1_1' title="bbox 262 261 343 308">
     <span class='ocr_line' id='line_1_1' title="bbox 262 261 343 308; baseline 0 -11"><span class='ocrx_word' id='word_1_1' title='bbox 262 261 343 308; x_wconf 77' lang='lat'>296</span> 
     </span>
    </p>
   </div>
   <div class='ocr_carea' id='block_1_2' title="bbox 281 670 512 801">
    <p class='ocr_par' dir='ltr' id='par_1_2' title="bbox 294 670 501 704">
     <span class='ocr_line' id='line_1_2' title="bbox 294 670 501 704; baseline 0.005 -8"><span class='ocrx_word' id='word_1_2' title='bbox 294 670 354 697; x_wconf 80' lang='lat' dir='ltr'>and</span> <span class='ocrx_word' id='word_1_3' title='bbox 376 670 441 704; x_wconf 73' lang='lat' dir='ltr'>give</span> <span class='ocrx_word' id='word_1_4' title='bbox 462 678 501 697; x_wconf 93' lang='lat' dir='ltr'>no</span> 
     </span>
    </p>

    <p class='ocr_par' dir='ltr' id='par_1_3' title="bbox 281 705 512 801">
     <span class='ocr_line' id='line_1_3' title="bbox 281 705 512 739; baseline 0.004 -8"><span class='ocrx_word' id='word_1_5' title='bbox 281 705 362 739; x_wconf 73' lang='lat' dir='ltr'>good</span> <span class='ocrx_word' id='word_1_6' title='bbox 386 713 512 732; x_wconf 79' lang='lat' dir='ltr'>reasons</span> 
     </span>
     <span class='ocr_line' id='line_1_4' title="bbox 324 739 470 767; baseline 0 -1"><span class='ocrx_word' id='word_1_7' title='bbox 324 739 372 766; x_wconf 82' lang='lat' dir='ltr'>for</span> <span class='ocrx_word' id='word_1_8' title='bbox 391 740 470 767; x_wconf 81' lang='lat' dir='ltr'>their</span> 
     </span>
     <span class='ocr_line' id='line_1_5' title="bbox 313 775 487 801; baseline 0 0"><span class='ocrx_word' id='word_1_9' title='bbox 313 775 487 801; x_wconf 76' lang='lat' dir='ltr'>tradinons.</span> 
     </span>
    </p>
   </div>
   <div class='ocr_carea' id='block_1_3' title="bbox 296 1978 495 2110">
    <p class='ocr_par' dir='ltr' id='par_1_4' title="bbox 296 1978 495 2110">
     <span class='ocr_line' id='line_1_6' title="bbox 303 1978 495 2006; baseline -0.005 0"><span class='ocrx_word' id='word_1_10' title='bbox 303 1978 363 2006; x_wconf 85' lang='lat' dir='ltr'>We</span> <span class='ocrx_word' id='word_1_11' title='bbox 383 1978 495 2006; x_wconf 85' lang='lat' dir='ltr'><strong>should</strong></span> 
     </span>
     <span class='ocr_line' id='line_1_7' title="bbox 322 2014 477 2049; baseline 0 -9"><span class='ocrx_word' id='word_1_12' title='bbox 322 2022 381 2049; x_wconf 79' lang='lat' dir='ltr'>pay</span> <span class='ocrx_word' id='word_1_13' title='bbox 401 2014 477 2040; x_wconf 71' lang='lat' dir='ltr'>little</span> 
     </span>
     <span class='ocr_line' id='line_1_8' title="bbox 296 2048 494 2076; baseline -0.005 -1"><span class='ocrx_word' id='word_1_14' title='bbox 296 2048 442 2076; x_wconf 71' lang='lat' dir='ltr'>attention</span> <span class='ocrx_word' id='word_1_15' title='bbox 464 2053 494 2075; x_wconf 61' lang='grc' dir='ltr'>ιο</span> 
     </span>
     <span class='ocr_line' id='line_1_9' title="bbox 315 2083 477 2110; baseline 0 -1"><span class='ocrx_word' id='word_1_16' title='bbox 315 2083 396 2110; x_wconf 81' lang='lat' dir='ltr'>them</span> <span class='ocrx_word' id='word_1_17' title='bbox 419 2084 477 2109; x_wconf 75' lang='lat' dir='ltr'>and</span> 
     </span>
    </p>
   </div>
   <div class='ocr_carea' id='block_1_4' title="bbox 272 2118 526 2180">
    <p class='ocr_par' dir='ltr' id='par_1_5' title="bbox 272 2118 526 2180">
     <span class='ocr_line' id='line_1_10' title="bbox 272 2118 526 2153; baseline 0 -9"><span class='ocrx_word' id='word_1_18' title='bbox 272 2118 392 2153; x_wconf 85' lang='lat' dir='ltr'>depend</span> <span class='ocrx_word' id='word_1_19' title='bbox 415 2126 453 2144; x_wconf 85' lang='grc' dir='ltr'>οι]</span> <span class='ocrx_word' id='word_1_20' title='bbox 476 2118 526 2144; x_wconf 85' lang='lat' dir='ltr'>the</span> 
     </span>
     <span class='ocr_line' id='line_1_11' title="bbox 289 2152 502 2180; baseline 0 -1"><span class='ocrx_word' id='word_1_21' title='bbox 289 2153 347 2179; x_wconf 85' lang='lat' dir='ltr'>law</span> <span class='ocrx_word' id='word_1_22' title='bbox 368 2153 403 2180; x_wconf 83' lang='lat' dir='ltr'>of</span> <span class='ocrx_word' id='word_1_23' title='bbox 421 2152 502 2179; x_wconf 83' lang='lat' dir='ltr'>God.</span> 
     </span>
    </p>
   </div>
   <div class='ocr_carea' id='block_1_5' title="bbox 998 247 1866 304">
    <p class='ocr_par' dir='ltr' id='par_1_6' title="bbox 998 247 1866 304">
     <span class='ocr_line' id='line_1_12' title="bbox 998 247 1866 304; baseline -0.016 -7"><span class='ocrx_word' id='word_1_24' title='bbox 998 265 1222 297; x_wconf 65' lang='lat' dir='ltr'>„IOHANNIS</span> <span class='ocrx_word' id='word_1_25' title='bbox 1248 263 1433 295; x_wconf 76' lang='lat' dir='ltr'>WYCLIF</span> <span class='ocrx_word' id='word_1_26' title='bbox 1688 247 1795 304; x_wconf 60' lang='lat' dir='ltr'>[cm.</span> <span class='ocrx_word' id='word_1_27' title='bbox 1817 258 1866 285; x_wconf 66' lang='lat' dir='ltr'>m.</span> 
     </span>
    </p>
   </div>
   <div class='ocr_carea' id='block_1_6' title="bbox 548 367 1991 2719">
    <p class='ocr_par' dir='ltr' id='par_1_7' title="bbox 548 367 1991 2719">
     <span class='ocr_line' id='line_1_13' title="bbox 552 367 1866 418; baseline -0.005 -8"><span class='ocrx_word' id='word_1_28' title='bbox 552 371 698 411; x_wconf 83' lang='lat' dir='ltr'>falsos</span> <span class='ocrx_word' id='word_1_29' title='bbox 732 371 837 411; x_wconf 91' lang='lat' dir='ltr'>dico</span> <span class='ocrx_word' id='word_1_30' title='bbox 871 384 966 410; x_wconf 92' lang='lat' dir='ltr'>non</span> <span class='ocrx_word' id='word_1_31' title='bbox 1003 369 1201 410; x_wconf 86' lang='lat' dir='ltr'>clericos</span> <span class='ocrx_word' id='word_1_32' title='bbox 1236 369 1321 409; x_wconf 82' lang='lat' dir='ltr'>sed</span> <span class='ocrx_word' id='word_1_33' title='bbox 1352 367 1534 414; x_wconf 76' lang='lat' dir='ltr'>idiotas,</span> <span class='ocrx_word' id='word_1_34' title='bbox 1570 379 1740 406; x_wconf 86' lang='lat' dir='ltr'>vocem</span> <span class='ocrx_word' id='word_1_35' title='bbox 1761 379 1866 418; x_wconf 87' lang='lat' dir='ltr'>pro-</span> 
     </span>
     <span class='ocr_line' id='line_1_14' title="bbox 550 434 1866 494; baseline -0.005 -14"><span class='ocrx_word' id='word_1_36' title='bbox 550 440 698 494; x_wconf 87' lang='lat' dir='ltr'>priam</span> <span class='ocrx_word' id='word_1_37' title='bbox 747 440 1036 493; x_wconf 77' lang='lat' dir='ltr'>ignorantes,</span> <span class='ocrx_word' id='word_1_38' title='bbox 1085 439 1211 479; x_wconf 86' lang='lat' dir='ltr'>foret</span> <span class='ocrx_word' id='word_1_39' title='bbox 1254 443 1366 478; x_wconf 88' lang='lat' dir='ltr'>nota</span> <span class='ocrx_word' id='word_1_40' title='bbox 1407 434 1691 477; x_wconf 86' lang='lat' dir='ltr'>infidelitatis</span> <span class='ocrx_word' id='word_1_41' title='bbox 1735 434 1866 475; x_wconf 92' lang='lat' dir='ltr'>disci—</span> 
     </span>
     <span class='ocr_line' id='line_1_15' title="bbox 551 504 1866 563; baseline -0.004 -14"><span class='ocrx_word' id='word_1_42' title='bbox 551 510 664 563; x_wconf 90' lang='lat' dir='ltr'>pulo</span> <span class='ocrx_word' id='word_1_43' title='bbox 681 509 971 549; x_wconf 88' lang='lat' dir='ltr'>Antichristi.</span> <span class='ocrx_word' id='word_1_44' title='bbox 990 508 1189 561; x_wconf 73' lang='lat' dir='ltr'>Quando</span> <span class='ocrx_word' id='word_1_45' title='bbox 1208 508 1329 548; x_wconf 90' lang='lat' dir='ltr'>enim</span> <span class='ocrx_word' id='word_1_46' title='bbox 1346 505 1557 560; x_wconf 88' lang='lat' dir='ltr'>queritur</span> <span class='ocrx_word' id='word_1_47' title='bbox 1579 507 1635 545; x_wconf 92' lang='lat' dir='ltr'>ab</span> <span class='ocrx_word' id='word_1_48' title='bbox 1653 505 1719 545; x_wconf 91' lang='lat' dir='ltr'>eis</span> <span class='ocrx_word' id='word_1_49' title='bbox 1741 504 1866 545; x_wconf 88' lang='lat' dir='ltr'>racio</span> 
     </span>
     <span class='ocr_line' id='line_1_16' title="bbox 551 575 1868 631; baseline -0.004 -13"><span class='ocrx_word' id='word_1_50' title='bbox 551 578 675 630; x_wconf 73' lang='lat' dir='ltr'>facti,</span> <span class='ocrx_word' id='word_1_51' title='bbox 699 579 777 619; x_wconf 86' lang='lat' dir='ltr'>vel</span> <span class='ocrx_word' id='word_1_52' title='bbox 798 578 1087 631; x_wconf 77' lang='lat' dir='ltr'>balbuciunt,</span> <span class='ocrx_word' id='word_1_53' title='bbox 1123 578 1336 618; x_wconf 88' lang='lat' dir='ltr'>dicentes</span> <span class='ocrx_word' id='word_1_54' title='bbox 1370 575 1706 616; x_wconf 86' lang='lat' dir='ltr'>machometice</span> <span class='ocrx_word' id='word_1_55' title='bbox 1741 575 1868 627; x_wconf 88' lang='lat' dir='ltr'>quod</span> 
     </span>
     <span class='ocr_line' id='line_1_17' title="bbox 551 643 1901 701; baseline -0.001 -14"><span class='ocrx_word' id='word_1_56' title='bbox 551 661 646 687; x_wconf 93' lang='lat' dir='ltr'>non</span> <span class='ocrx_word' id='word_1_57' title='bbox 680 648 826 687; x_wconf 91' lang='lat' dir='ltr'>debet</span> <span class='ocrx_word' id='word_1_58' title='bbox 848 648 949 687; x_wconf 90' lang='lat' dir='ltr'>dari</span> <span class='ocrx_word' id='word_1_59' title='bbox 976 649 1054 688; x_wconf 89' lang='lat' dir='ltr'>vel</span> <span class='ocrx_word' id='word_1_60' title='bbox 1078 647 1307 701; x_wconf 84' lang='lat' dir='ltr'>disputari</span> <span class='ocrx_word' id='word_1_61' title='bbox 1327 646 1452 686; x_wconf 87' lang='lat' dir='ltr'>racio</span> <span class='ocrx_word' id='word_1_62' title='bbox 1476 658 1559 685; x_wconf 85' lang='lat' dir='ltr'>sue</span> <span class='ocrx_word' id='word_1_63' title='bbox 1581 643 1866 697; x_wconf 76' lang='lat' dir='ltr'>tradicionis,</span> <span class='ocrx_word' id='word_1_64' title='bbox 1886 653 1901 685; x_wconf 76' lang='grc'>5</span> 
     </span>
     <span class='ocr_line' id='line_1_18' title="bbox 553 715 1870 770; baseline -0.003 -14"><span class='ocrx_word' id='word_1_65' title='bbox 553 730 656 756; x_wconf 90' lang='lat' dir='ltr'>cum</span> <span class='ocrx_word' id='word_1_66' title='bbox 688 731 775 770; x_wconf 85' lang='lat' dir='ltr'>per</span> <span class='ocrx_word' id='word_1_67' title='bbox 806 730 858 757; x_wconf 89' lang='lat' dir='ltr'>se</span> <span class='ocrx_word' id='word_1_68' title='bbox 891 717 1066 758; x_wconf 88' lang='lat' dir='ltr'>sufficit</span> <span class='ocrx_word' id='word_1_69' title='bbox 1097 718 1314 757; x_wconf 89' lang='lat' dir='ltr'>voluntas</span> <span class='ocrx_word' id='word_1_70' title='bbox 1349 715 1530 769; x_wconf 74' lang='lat' dir='ltr'>capitiS,</span> <span class='ocrx_word' id='word_1_71' title='bbox 1562 715 1639 754; x_wconf 85' lang='lat' dir='ltr'>vel</span> <span class='ocrx_word' id='word_1_72' title='bbox 1668 719 1870 767; x_wconf 82' lang='lat' dir='ltr'>arguunt</span> 
     </span>
     <span class='ocr_line' id='line_1_19' title="bbox 552 784 1869 837; baseline -0.002 -12"><span class='ocrx_word' id='word_1_73' title='bbox 552 800 613 825; x_wconf 75' lang='lat' dir='ltr'>ex</span> <span class='ocrx_word' id='word_1_74' title='bbox 657 786 960 827; x_wconf 87' lang='lat' dir='ltr'>insufficienti</span> <span class='ocrx_word' id='word_1_75' title='bbox 1004 786 1304 827; x_wconf 77' lang='lat' dir='ltr'>similitudine</span> <span class='ocrx_word' id='word_1_76' title='bbox 1349 786 1407 825; x_wconf 90' lang='lat' dir='ltr'>de</span> <span class='ocrx_word' id='word_1_77' title='bbox 1450 786 1557 837; x_wconf 90' lang='grc'>1686</span> <span class='ocrx_word' id='word_1_78' title='bbox 1589 784 1752 832; x_wconf 87' lang='lat' dir='ltr'>veteri,</span> <span class='ocrx_word' id='word_1_79' title='bbox 1791 784 1869 824; x_wconf 87' lang='lat' dir='ltr'>vel</span> 
     </span>
     <span class='ocr_line' id='line_1_20' title="bbox 552 853 1869 910; baseline -0.002 -15"><span class='ocrx_word' id='word_1_80' title='bbox 552 856 757 910; x_wconf 83' lang='lat' dir='ltr'>allegant</span> <span class='ocrx_word' id='word_1_81' title='bbox 801 856 1153 897; x_wconf 85' lang='lat' dir='ltr'>infundabiliter</span> <span class='ocrx_word' id='word_1_82' title='bbox 1194 857 1328 909; x_wconf 83' lang='lat' dir='ltr'>leges</span> <span class='ocrx_word' id='word_1_83' title='bbox 1378 854 1594 901; x_wconf 86' lang='lat' dir='ltr'>hominis,</span> <span class='ocrx_word' id='word_1_84' title='bbox 1646 859 1698 893; x_wconf 91' lang='lat' dir='ltr'>ut</span> <span class='ocrx_word' id='word_1_85' title='bbox 1741 853 1869 906; x_wconf 90' lang='lat' dir='ltr'>quod</span> 
     </span>
     <span class='ocr_line' id='line_1_21' title="bbox 549 922 1871 980; baseline -0.002 -16"><span class='ocrx_word' id='word_1_86' title='bbox 549 925 912 965; x_wconf 87' lang='lat' dir='ltr'>iurisconsultus</span> <span class='ocrx_word' id='word_1_87' title='bbox 955 927 1033 966; x_wconf 85' lang='lat' dir='ltr'>vel</span> <span class='ocrx_word' id='word_1_88' title='bbox 1069 932 1271 980; x_wconf 17' lang='lat' dir='ltr'>*satrapa</span> <span class='ocrx_word' id='word_1_89' title='bbox 1303 926 1370 966; x_wconf 87' lang='lat' dir='ltr'>sic</span> <span class='ocrx_word' id='word_1_90' title='bbox 1404 925 1584 976; x_wconf 79' lang='lat' dir='ltr'>diffinit,</span> <span class='ocrx_word' id='word_1_91' title='bbox 1628 937 1716 963; x_wconf 91' lang='lat' dir='ltr'>nec</span> <span class='ocrx_word' id='word_1_92' title='bbox 1759 922 1871 962; x_wconf 89' lang='lat' dir='ltr'>licet</span> 
     </span>
     <span class='ocr_line' id='line_1_22' title="bbox 552 991 1928 1049; baseline -0.001 -15"><span class='ocrx_word' id='word_1_93' title='bbox 552 996 620 1045; x_wconf 91' lang='lat' dir='ltr'>(ut</span> <span class='ocrx_word' id='word_1_94' title='bbox 651 994 885 1048; x_wconf 87' lang='lat' dir='ltr'>inquiunt)</span> <span class='ocrx_word' id='word_1_95' title='bbox 928 995 1167 1036; x_wconf 77' lang='lat' dir='ltr'>racionem</span> <span class='ocrx_word' id='word_1_96' title='bbox 1212 1009 1413 1049; x_wconf 80' lang='lat' dir='ltr'>querere</span> <span class='ocrx_word' id='word_1_97' title='bbox 1457 1000 1508 1035; x_wconf 91' lang='lat' dir='ltr'>ut</span> <span class='ocrx_word' id='word_1_98' title='bbox 1548 994 1596 1034; x_wconf 93' lang='lat' dir='ltr'>in</span> <span class='ocrx_word' id='word_1_99' title='bbox 1638 994 1747 1048; x_wconf 83' lang='lat' dir='ltr'>lege</span> <span class='ocrx_word' id='word_1_100' title='bbox 1777 991 1870 1033; x_wconf 92' lang='lat' dir='ltr'>Dei</span> <span class='ocrx_word' id='word_1_101' title='bbox 1890 1019 1928 1039; x_wconf 79' lang='lat'>10</span> 
     </span>
     <span class='ocr_line' id='line_1_23' title="bbox 551 1062 1869 1118; baseline 0 -15"><span class='ocrx_word' id='word_1_102' title='bbox 551 1064 637 1103; x_wconf 93' lang='lat' dir='ltr'>sed</span> <span class='ocrx_word' id='word_1_103' title='bbox 664 1064 721 1103; x_wconf 89' lang='lat' dir='ltr'>ad</span> <span class='ocrx_word' id='word_1_104' title='bbox 754 1064 884 1117; x_wconf 87' lang='lat' dir='ltr'>ipsos</span> <span class='ocrx_word' id='word_1_105' title='bbox 908 1070 959 1105; x_wconf 92' lang='lat' dir='ltr'>ut</span> <span class='ocrx_word' id='word_1_106' title='bbox 980 1065 1177 1118; x_wconf 86' lang='lat' dir='ltr'>primum</span> <span class='ocrx_word' id='word_1_107' title='bbox 1198 1065 1478 1118; x_wconf 87' lang='lat' dir='ltr'>principium</span> <span class='ocrx_word' id='word_1_108' title='bbox 1501 1069 1575 1104; x_wconf 91' lang='lat' dir='ltr'>est</span> <span class='ocrx_word' id='word_1_109' title='bbox 1598 1062 1869 1104; x_wconf 88' lang='lat' dir='ltr'>sistendum.</span> 
     </span>
     <span class='ocr_line' id='line_1_24' title="bbox 553 1129 1866 1188; baseline -0.001 -16"><span class='ocrx_word' id='word_1_110' title='bbox 553 1131 801 1174; x_wconf 82' lang='lat' dir='ltr'>Seculares</span> <span class='ocrx_word' id='word_1_111' title='bbox 847 1140 1001 1175; x_wconf 90' lang='lat' dir='ltr'>autem</span> <span class='ocrx_word' id='word_1_112' title='bbox 1045 1135 1301 1188; x_wconf 83' lang='lat' dir='ltr'>provident</span> <span class='ocrx_word' id='word_1_113' title='bbox 1357 1135 1484 1188; x_wconf 89' lang='lat' dir='ltr'>quod</span> <span class='ocrx_word' id='word_1_114' title='bbox 1515 1134 1650 1186; x_wconf 84' lang='lat' dir='ltr'>leges</span> <span class='ocrx_word' id='word_1_115' title='bbox 1685 1129 1866 1187; x_wconf 76' lang='lat' dir='ltr'>eorum}</span> 
     </span>
     <span class='ocr_line' id='line_1_25' title="bbox 553 1202 1991 1257; baseline 0.006 -15"><span class='ocrx_word' id='word_1_116' title='bbox 553 1208 814 1243; x_wconf 81' lang='lat' dir='ltr'>consonent</span> <span class='ocrx_word' id='word_1_117' title='bbox 844 1204 942 1257; x_wconf 83' lang='lat' dir='ltr'>legi</span> <span class='ocrx_word' id='word_1_118' title='bbox 969 1204 1076 1257; x_wconf 83' lang='lat' dir='ltr'>Dei,</span> <span class='ocrx_word' id='word_1_119' title='bbox 1111 1204 1218 1257; x_wconf 87' lang='lat' dir='ltr'>quia</span> <span class='ocrx_word' id='word_1_120' title='bbox 1249 1204 1436 1245; x_wconf 77' lang='lat' dir='ltr'>utilitati</span> <span class='ocrx_word' id='word_1_121' title='bbox 1468 1209 1515 1243; x_wconf 92' lang='lat' dir='ltr'>et</span> <span class='ocrx_word' id='word_1_122' title='bbox 1546 1202 1733 1255; x_wconf 80' lang='lat' dir='ltr'>racioni,</span> <span class='ocrx_word' id='word_1_123' title='bbox 1767 1215 1870 1242; x_wconf 90' lang='lat' dir='ltr'>cum</span> <span class='ocrx_word' id='word_1_124' title='bbox 1909 1217 1991 1250; x_wconf 73' lang='lat'>235³</span> 
     </span>
     <span class='ocr_line' id='line_1_26' title="bbox 551 1272 1869 1327; baseline -0.001 -15"><span class='ocrx_word' id='word_1_125' title='bbox 551 1272 834 1325; x_wconf 84' lang='lat' dir='ltr'>profitentur</span> <span class='ocrx_word' id='word_1_126' title='bbox 857 1273 1085 1313; x_wconf 80' lang='lat' dir='ltr'>catholice</span> <span class='ocrx_word' id='word_1_127' title='bbox 1111 1275 1240 1327; x_wconf 90' lang='lat' dir='ltr'>quod</span> <span class='ocrx_word' id='word_1_128' title='bbox 1263 1273 1412 1314; x_wconf 89' lang='lat' dir='ltr'>omnis</span> <span class='ocrx_word' id='word_1_129' title='bbox 1435 1274 1518 1313; x_wconf 80' lang='lat' dir='ltr'>lex</span> <span class='ocrx_word' id='word_1_130' title='bbox 1540 1273 1616 1313; x_wconf 89' lang='lat' dir='ltr'>vel</span> <span class='ocrx_word' id='word_1_131' title='bbox 1647 1272 1764 1312; x_wconf 88' lang='lat' dir='ltr'>ritus</span> <span class='ocrx_word' id='word_1_132' title='bbox 1785 1272 1869 1311; x_wconf 86' lang='lat' dir='ltr'>ho-</span> 
     </span>
     <span class='ocr_line' id='line_1_27' title="bbox 551 1341 1926 1397; baseline -0.001 -15"><span class='ocrx_word' id='word_1_133' title='bbox 551 1341 685 1383; x_wconf 90' lang='lat' dir='ltr'>minis</span> <span class='ocrx_word' id='word_1_134' title='bbox 749 1356 840 1395; x_wconf 88' lang='lat' dir='ltr'>que</span> <span class='ocrx_word' id='word_1_135' title='bbox 892 1357 984 1383; x_wconf 92' lang='lat' dir='ltr'>non</span> <span class='ocrx_word' id='word_1_136' title='bbox 1034 1344 1179 1383; x_wconf 90' lang='lat' dir='ltr'>habet</span> <span class='ocrx_word' id='word_1_137' title='bbox 1223 1345 1279 1383; x_wconf 93' lang='lat' dir='ltr'>ab</span> <span class='ocrx_word' id='word_1_138' title='bbox 1324 1344 1429 1396; x_wconf 84' lang='lat' dir='ltr'>ipsa</span> <span class='ocrx_word' id='word_1_139' title='bbox 1472 1341 1754 1397; x_wconf 88' lang='lat' dir='ltr'>principium</span> <span class='ocrx_word' id='word_1_140' title='bbox 1799 1347 1926 1387; x_wconf 75' lang='lat' dir='ltr'>est15</span> 
     </span>
     <span class='ocr_line' id='line_1_28' title="bbox 551 1411 1871 1465; baseline -0.001 -14"><span class='ocrx_word' id='word_1_141' title='bbox 551 1411 761 1451; x_wconf 90' lang='lat' dir='ltr'>heretica</span> <span class='ocrx_word' id='word_1_142' title='bbox 794 1417 841 1452; x_wconf 88' lang='lat' dir='ltr'>et</span> <span class='ocrx_word' id='word_1_143' title='bbox 871 1412 1082 1465; x_wconf 83' lang='lat' dir='ltr'>fugibilis</span> <span class='ocrx_word' id='word_1_144' title='bbox 1115 1418 1166 1453; x_wconf 90' lang='lat' dir='ltr'>ut</span> <span class='ocrx_word' id='word_1_145' title='bbox 1198 1426 1447 1453; x_wconf 86' lang='lat' dir='ltr'>venenum.</span> <span class='ocrx_word' id='word_1_146' title='bbox 1492 1413 1567 1453; x_wconf 77' lang='lat' dir='ltr'>Ex</span> <span class='ocrx_word' id='word_1_147' title='bbox 1612 1425 1705 1465; x_wconf 91' lang='lat' dir='ltr'>quo</span> <span class='ocrx_word' id='word_1_148' title='bbox 1737 1417 1871 1464; x_wconf 86' lang='lat' dir='ltr'>patet</span> 
     </span>
     <span class='ocr_line' id='line_1_29' title="bbox 553 1481 1870 1535; baseline 0 -15"><span class='ocrx_word' id='word_1_149' title='bbox 553 1481 682 1533; x_wconf 91' lang='lat' dir='ltr'>quod</span> <span class='ocrx_word' id='word_1_150' title='bbox 724 1481 805 1521; x_wconf 80' lang='lat' dir='ltr'>lex</span> <span class='ocrx_word' id='word_1_151' title='bbox 847 1481 942 1522; x_wconf 88' lang='lat' dir='ltr'>Dei</span> <span class='ocrx_word' id='word_1_152' title='bbox 987 1482 1132 1523; x_wconf 91' lang='lat' dir='ltr'>debet</span> <span class='ocrx_word' id='word_1_153' title='bbox 1163 1482 1315 1535; x_wconf 85' lang='lat' dir='ltr'>primo</span> <span class='ocrx_word' id='word_1_154' title='bbox 1365 1482 1482 1522; x_wconf 92' lang='lat' dir='ltr'>disci</span> <span class='ocrx_word' id='word_1_155' title='bbox 1515 1495 1540 1522; x_wconf 94' lang='lat' dir='ltr'>a</span> <span class='ocrx_word' id='word_1_156' title='bbox 1571 1494 1870 1535; x_wconf 84' lang='lat' dir='ltr'>quocumque</span> 
     </span>
     <span class='ocr_line' id='line_1_30' title="bbox 553 1550 1871 1605; baseline 0 -15"><span class='ocrx_word' id='word_1_157' title='bbox 553 1550 800 1591; x_wconf 89' lang='lat' dir='ltr'>catholico.</span> <span class='ocrx_word' id='word_1_158' title='bbox 835 1550 960 1603; x_wconf 73' lang='lat' dir='ltr'>Quid</span> <span class='ocrx_word' id='word_1_159' title='bbox 981 1551 1169 1605; x_wconf 87' lang='lat' dir='ltr'>inquam</span> <span class='ocrx_word' id='word_1_160' title='bbox 1191 1552 1320 1591; x_wconf 87' lang='lat' dir='ltr'>fideli</span> <span class='ocrx_word' id='word_1_161' title='bbox 1349 1553 1407 1591; x_wconf 91' lang='lat' dir='ltr'>de</span> <span class='ocrx_word' id='word_1_162' title='bbox 1440 1553 1550 1605; x_wconf 81' lang='lat' dir='ltr'>lege</span> <span class='ocrx_word' id='word_1_163' title='bbox 1588 1551 1698 1590; x_wconf 84' lang='lat' dir='ltr'>alia?</span> <span class='ocrx_word' id='word_1_164' title='bbox 1731 1550 1871 1590; x_wconf 87' lang='lat' dir='ltr'>Unde</span> 
     </span>
     <span class='ocr_line' id='line_1_31' title="bbox 549 1619 1870 1673; baseline 0 -14"><span class='ocrx_word' id='word_1_165' title='bbox 549 1621 630 1660; x_wconf 81' lang='lat' dir='ltr'>lex</span> <span class='ocrx_word' id='word_1_166' title='bbox 673 1620 766 1659; x_wconf 90' lang='lat' dir='ltr'>Dei</span> <span class='ocrx_word' id='word_1_167' title='bbox 810 1633 914 1659; x_wconf 91' lang='lat' dir='ltr'>cum</span> <span class='ocrx_word' id='word_1_168' title='bbox 958 1621 1297 1661; x_wconf 84' lang='lat' dir='ltr'>tradicionibus</span> <span class='ocrx_word' id='word_1_169' title='bbox 1349 1621 1560 1661; x_wconf 84' lang='lat' dir='ltr'>humanis</span> <span class='ocrx_word' id='word_1_170' title='bbox 1614 1619 1870 1673; x_wconf 83' lang='lat' dir='ltr'>sophistice</span> 
     </span>
     <span class='ocr_line' id='line_1_32' title="bbox 552 1689 1929 1744; baseline 0.003 -15"><span class='ocrx_word' id='word_1_171' title='bbox 552 1695 624 1730; x_wconf 91' lang='lat' dir='ltr'>est</span> <span class='ocrx_word' id='word_1_172' title='bbox 670 1689 934 1743; x_wconf 78' lang='lat' dir='ltr'>commixta,</span> <span class='ocrx_word' id='word_1_173' title='bbox 989 1691 1170 1731; x_wconf 85' lang='lat' dir='ltr'>scilicet</span> <span class='ocrx_word' id='word_1_174' title='bbox 1221 1696 1273 1731; x_wconf 92' lang='lat' dir='ltr'>ut</span> <span class='ocrx_word' id='word_1_175' title='bbox 1314 1690 1510 1731; x_wconf 83' lang='lat' dir='ltr'>tradicio</span> <span class='ocrx_word' id='word_1_176' title='bbox 1554 1690 1773 1744; x_wconf 83' lang='lat' dir='ltr'>pallietur</span> <span class='ocrx_word' id='word_1_177' title='bbox 1825 1695 1929 1733; x_wconf 71' lang='lat' dir='ltr'>etzo</span> 
     </span>
     <span class='ocr_line' id='line_1_33' title="bbox 551 1759 1870 1814; baseline -0.001 -14"><span class='ocrx_word' id='word_1_178' title='bbox 551 1759 813 1801; x_wconf 86' lang='lat' dir='ltr'>coloracius</span> <span class='ocrx_word' id='word_1_179' title='bbox 868 1762 1164 1801; x_wconf 83' lang='lat' dir='ltr'>observetur.</span> <span class='ocrx_word' id='word_1_180' title='bbox 1228 1760 1469 1802; x_wconf 86' lang='lat' dir='ltr'>Observet</span> <span class='ocrx_word' id='word_1_181' title='bbox 1522 1760 1668 1814; x_wconf 82' lang='lat' dir='ltr'>igitur</span> <span class='ocrx_word' id='word_1_182' title='bbox 1717 1759 1870 1799; x_wconf 89' lang='lat' dir='ltr'>fidelis</span> 
     </span>
     <span class='ocr_line' id='line_1_34' title="bbox 548 1828 1870 1884; baseline 0 -15"><span class='ocrx_word' id='word_1_183' title='bbox 548 1828 780 1869; x_wconf 88' lang='lat' dir='ltr'>iusticiam</span> <span class='ocrx_word' id='word_1_184' title='bbox 824 1830 945 1884; x_wconf 81' lang='lat' dir='ltr'>legis</span> <span class='ocrx_word' id='word_1_185' title='bbox 992 1836 1038 1870; x_wconf 88' lang='lat' dir='ltr'>et</span> <span class='ocrx_word' id='word_1_186' title='bbox 1081 1836 1217 1884; x_wconf 84' lang='lat' dir='ltr'>paret</span> <span class='ocrx_word' id='word_1_187' title='bbox 1262 1844 1314 1871; x_wconf 93' lang='lat' dir='ltr'>se</span> <span class='ocrx_word' id='word_1_188' title='bbox 1357 1832 1414 1871; x_wconf 89' lang='lat' dir='ltr'>ad</span> <span class='ocrx_word' id='word_1_189' title='bbox 1454 1830 1772 1871; x_wconf 86' lang='lat' dir='ltr'>sufferendum</span> <span class='ocrx_word' id='word_1_190' title='bbox 1806 1829 1870 1869; x_wconf 90' lang='lat' dir='ltr'>in-</span> 
     </span>
     <span class='ocr_line' id='line_1_35' title="bbox 550 1898 1870 1953; baseline 0.002 -15"><span class='ocrx_word' id='word_1_191' title='bbox 550 1898 689 1939; x_wconf 88' lang='lat' dir='ltr'>iurias</span> <span class='ocrx_word' id='word_1_192' title='bbox 735 1906 783 1940; x_wconf 92' lang='lat' dir='ltr'>et</span> <span class='ocrx_word' id='word_1_193' title='bbox 826 1914 975 1953; x_wconf 87' lang='lat' dir='ltr'>penas</span> <span class='ocrx_word' id='word_1_194' title='bbox 1019 1914 1106 1953; x_wconf 88' lang='lat' dir='ltr'>pro</span> <span class='ocrx_word' id='word_1_195' title='bbox 1141 1901 1397 1942; x_wconf 89' lang='lat' dir='ltr'>omissione</span> <span class='ocrx_word' id='word_1_196' title='bbox 1428 1901 1588 1953; x_wconf 84' lang='lat' dir='ltr'>legum</span> <span class='ocrx_word' id='word_1_197' title='bbox 1620 1900 1870 1941; x_wconf 86' lang='lat' dir='ltr'>hominum.</span> 
     </span>
     <span class='ocr_line' id='line_1_36' title="bbox 553 1969 1871 2011; baseline 0.001 -3"><span class='ocrx_word' id='word_1_198' title='bbox 553 1969 658 2009; x_wconf 87' lang='lat' dir='ltr'>Hoc</span> <span class='ocrx_word' id='word_1_199' title='bbox 682 1969 803 2009; x_wconf 90' lang='lat' dir='ltr'>enim</span> <span class='ocrx_word' id='word_1_200' title='bbox 836 1971 1016 2009; x_wconf 86' lang='lat' dir='ltr'>directe</span> <span class='ocrx_word' id='word_1_201' title='bbox 1040 1971 1272 2011; x_wconf 87' lang='lat' dir='ltr'>accelerat</span> <span class='ocrx_word' id='word_1_202' title='bbox 1292 1970 1521 2011; x_wconf 90' lang='lat' dir='ltr'>viatorem</span> <span class='ocrx_word' id='word_1_203' title='bbox 1546 1970 1603 2010; x_wconf 89' lang='lat' dir='ltr'>ad</span> <span class='ocrx_word' id='word_1_204' title='bbox 1625 1969 1871 2009; x_wconf 88' lang='lat' dir='ltr'>terminum</span> 
     </span>
     <span class='ocr_line' id='line_1_37' title="bbox 553 2039 1927 2092; baseline 0.001 -14"><span class='ocrx_word' id='word_1_205' title='bbox 553 2044 601 2078; x_wconf 89' lang='lat' dir='ltr'>et</span> <span class='ocrx_word' id='word_1_206' title='bbox 652 2039 927 2092; x_wconf 84' lang='lat' dir='ltr'>oppositum</span> <span class='ocrx_word' id='word_1_207' title='bbox 980 2039 1138 2080; x_wconf 85' lang='lat' dir='ltr'>deviat</span> <span class='ocrx_word' id='word_1_208' title='bbox 1190 2041 1267 2080; x_wconf 91' lang='lat' dir='ltr'>vel</span> <span class='ocrx_word' id='word_1_209' title='bbox 1312 2040 1530 2080; x_wconf 88' lang='lat' dir='ltr'>retardat.</span> <span class='ocrx_word' id='word_1_210' title='bbox 1584 2039 1927 2080; x_wconf 76' lang='lat' dir='ltr'>Conceditur25</span> 
     </span>
     <span class='ocr_line' id='line_1_38' title="bbox 553 2108 1868 2164; baseline 0.002 -17"><span class='ocrx_word' id='word_1_211' title='bbox 553 2108 698 2160; x_wconf 77' lang='lat' dir='ltr'>igitur</span> <span class='ocrx_word' id='word_1_212' title='bbox 742 2109 870 2161; x_wconf 87' lang='lat' dir='ltr'>quod</span> <span class='ocrx_word' id='word_1_213' title='bbox 901 2108 1018 2148; x_wconf 88' lang='lat' dir='ltr'>ritus</span> <span class='ocrx_word' id='word_1_214' title='bbox 1053 2114 1100 2149; x_wconf 93' lang='lat' dir='ltr'>et</span> <span class='ocrx_word' id='word_1_215' title='bbox 1131 2110 1265 2164; x_wconf 82' lang='grc'>16865</span> <span class='ocrx_word' id='word_1_216' title='bbox 1298 2110 1497 2150; x_wconf 87' lang='lat' dir='ltr'>honeste</span> <span class='ocrx_word' id='word_1_217' title='bbox 1533 2123 1594 2149; x_wconf 77' lang='lat' dir='ltr'>ex</span> <span class='ocrx_word' id='word_1_218' title='bbox 1624 2110 1733 2162; x_wconf 82' lang='lat' dir='ltr'>lege</span> <span class='ocrx_word' id='word_1_219' title='bbox 1766 2109 1868 2149; x_wconf 90' lang='lat' dir='ltr'>Do-</span> 
     </span>
     <span class='ocr_line' id='line_1_39' title="bbox 552 2177 1872 2230; baseline 0.002 -14"><span class='ocrx_word' id='word_1_220' title='bbox 552 2177 662 2217; x_wconf 91' lang='lat' dir='ltr'>mini</span> <span class='ocrx_word' id='word_1_221' title='bbox 695 2177 901 2230; x_wconf 87' lang='lat' dir='ltr'>eliquate</span> <span class='ocrx_word' id='word_1_222' title='bbox 924 2184 1034 2219; x_wconf 88' lang='lat' dir='ltr'>sunt</span> <span class='ocrx_word' id='word_1_223' title='bbox 1055 2178 1100 2218; x_wconf 93' lang='lat' dir='ltr'>in</span> <span class='ocrx_word' id='word_1_224' title='bbox 1134 2192 1220 2219; x_wconf 91' lang='lat' dir='ltr'>suo</span> <span class='ocrx_word' id='word_1_225' title='bbox 1244 2179 1407 2218; x_wconf 90' lang='lat' dir='ltr'>ordine</span> <span class='ocrx_word' id='word_1_226' title='bbox 1431 2179 1740 2220; x_wconf 89' lang='lat' dir='ltr'>observande.</span> <span class='ocrx_word' id='word_1_227' title='bbox 1774 2178 1872 2220; x_wconf 82' lang='lat' dir='ltr'>Sed</span> 
     </span>
     <span class='ocr_line' id='line_1_40' title="bbox 554 2247 1873 2289; baseline 0.002 -3"><span class='ocrx_word' id='word_1_228' title='bbox 554 2251 720 2286; x_wconf 79' lang='lat' dir='ltr'>caveat</span> <span class='ocrx_word' id='word_1_229' title='bbox 764 2247 1043 2289; x_wconf 88' lang='lat' dir='ltr'>christianus</span> <span class='ocrx_word' id='word_1_230' title='bbox 1090 2249 1148 2288; x_wconf 90' lang='lat' dir='ltr'>de</span> <span class='ocrx_word' id='word_1_231' title='bbox 1179 2248 1422 2289; x_wconf 87' lang='lat' dir='ltr'>nimietate</span> <span class='ocrx_word' id='word_1_232' title='bbox 1456 2248 1599 2289; x_wconf 89' lang='lat' dir='ltr'>studii</span> <span class='ocrx_word' id='word_1_233' title='bbox 1632 2262 1792 2289; x_wconf 87' lang='lat' dir='ltr'>eorum</span> <span class='ocrx_word' id='word_1_234' title='bbox 1825 2254 1873 2288; x_wconf 88' lang='lat' dir='ltr'>et</span> 
     </span>
     <span class='ocr_line' id='line_1_41' title="bbox 551 2317 1871 2371; baseline 0.002 -16"><span class='ocrx_word' id='word_1_235' title='bbox 551 2317 877 2368; x_wconf 86' lang='lat' dir='ltr'>observancie;</span> <span class='ocrx_word' id='word_1_236' title='bbox 922 2330 1182 2371; x_wconf 88' lang='lat' dir='ltr'>suspensus</span> <span class='ocrx_word' id='word_1_237' title='bbox 1220 2317 1380 2370; x_wconf 86' lang='lat' dir='ltr'>itaque</span> <span class='ocrx_word' id='word_1_238' title='bbox 1413 2317 1460 2357; x_wconf 90' lang='lat' dir='ltr'>in</span> <span class='ocrx_word' id='word_1_239' title='bbox 1503 2318 1612 2371; x_wconf 86' lang='lat' dir='ltr'>lege</span> <span class='ocrx_word' id='word_1_240' title='bbox 1644 2318 1737 2358; x_wconf 91' lang='lat' dir='ltr'>Dei</span> <span class='ocrx_word' id='word_1_241' title='bbox 1772 2318 1871 2359; x_wconf 90' lang='lat' dir='ltr'>sine</span> 
     </span>
     <span class='ocr_line' id='line_1_42' title="bbox 552 2384 1929 2440; baseline 0.002 -16"><span class='ocrx_word' id='word_1_242' title='bbox 552 2384 763 2425; x_wconf 85' lang='lat' dir='ltr'>ulteriori</span> <span class='ocrx_word' id='word_1_243' title='bbox 785 2386 1103 2426; x_wconf 88' lang='lat' dir='ltr'>sollicitudine</span> <span class='ocrx_word' id='word_1_244' title='bbox 1136 2386 1194 2427; x_wconf 89' lang='lat' dir='ltr'>sit</span> <span class='ocrx_word' id='word_1_245' title='bbox 1219 2393 1471 2428; x_wconf 87' lang='lat' dir='ltr'>contentus</span> <span class='ocrx_word' id='word_1_246' title='bbox 1505 2388 1564 2427; x_wconf 92' lang='lat' dir='ltr'>de</span> <span class='ocrx_word' id='word_1_247' title='bbox 1596 2387 1710 2427; x_wconf 86' lang='lat' dir='ltr'>flatu</span> <span class='ocrx_word' id='word_1_248' title='bbox 1743 2387 1869 2440; x_wconf 85' lang='lat' dir='ltr'>spiri·</span> <span class='ocrx_word' id='word_1_249' title='bbox 1888 2397 1929 2429; x_wconf 75' lang='lat'>30</span> 
     </span>
     <span class='ocr_line' id='line_1_43' title="bbox 551 2455 1872 2511; baseline 0.002 -16"><span class='ocrx_word' id='word_1_250' title='bbox 551 2460 628 2495; x_wconf 86' lang='lat' dir='ltr'>tus</span> <span class='ocrx_word' id='word_1_251' title='bbox 674 2455 775 2496; x_wconf 89' lang='lat' dir='ltr'>sine</span> <span class='ocrx_word' id='word_1_252' title='bbox 818 2456 921 2497; x_wconf 82' lang='lat' dir='ltr'>istis</span> <span class='ocrx_word' id='word_1_253' title='bbox 968 2457 1389 2511; x_wconf 77' lang='lat' dir='ltr'>extravagantibus</span> <span class='ocrx_word' id='word_1_254' title='bbox 1435 2457 1693 2511; x_wconf 81' lang='lat' dir='ltr'>dirigentis.</span> <span class='ocrx_word' id='word_1_255' title='bbox 1747 2457 1872 2509; x_wconf 76' lang='lat' dir='ltr'>Quid</span> 
     </span>
     <span class='ocr_line' id='line_1_44' title="bbox 553 2525 1870 2580; baseline 0.002 -17"><span class='ocrx_word' id='word_1_256' title='bbox 553 2537 701 2576; x_wconf 84' lang='lat' dir='ltr'>queso</span> <span class='ocrx_word' id='word_1_257' title='bbox 732 2525 860 2565; x_wconf 86' lang='lat' dir='ltr'>fideli</span> <span class='ocrx_word' id='word_1_258' title='bbox 894 2526 952 2565; x_wconf 92' lang='lat' dir='ltr'>de</span> <span class='ocrx_word' id='word_1_259' title='bbox 985 2525 1152 2579; x_wconf 78' lang='lat' dir='ltr'>gentili</span> <span class='ocrx_word' id='word_1_260' title='bbox 1181 2526 1272 2566; x_wconf 86' lang='lat' dir='ltr'>ritu</span> <span class='ocrx_word' id='word_1_261' title='bbox 1305 2527 1383 2566; x_wconf 91' lang='lat' dir='ltr'>vel</span> <span class='ocrx_word' id='word_1_262' title='bbox 1403 2526 1666 2580; x_wconf 87' lang='lat' dir='ltr'>phariseico</span> <span class='ocrx_word' id='word_1_263' title='bbox 1693 2526 1780 2567; x_wconf 89' lang='lat' dir='ltr'>nisi</span> <span class='ocrx_word' id='word_1_264' title='bbox 1813 2527 1870 2567; x_wconf 93' lang='lat' dir='ltr'>de</span> 
     </span>
     <span class='ocr_line' id='line_1_45' title="bbox 553 2595 1870 2650; baseline 0.002 -16"><span class='ocrx_word' id='word_1_265' title='bbox 553 2600 729 2646; x_wconf 87' lang='lat' dir='ltr'>quanto</span> <span class='ocrx_word' id='word_1_266' title='bbox 773 2595 991 2635; x_wconf 88' lang='lat' dir='ltr'>modeste</span> <span class='ocrx_word' id='word_1_267' title='bbox 1035 2595 1228 2636; x_wconf 85' lang='lat' dir='ltr'>facilitat</span> <span class='ocrx_word' id='word_1_268' title='bbox 1261 2597 1318 2636; x_wconf 88' lang='lat' dir='ltr'>ad</span> <span class='ocrx_word' id='word_1_269' title='bbox 1351 2596 1705 2636; x_wconf 87' lang='lat' dir='ltr'>observanciam</span> <span class='ocrx_word' id='word_1_270' title='bbox 1748 2596 1870 2650; x_wconf 82' lang='lat' dir='ltr'>legis</span> 
     </span>
     <span class='ocr_line' id='line_1_46' title="bbox 550 2663 1872 2719; baseline 0.002 -16"><span class='ocrx_word' id='word_1_271' title='bbox 550 2664 669 2704; x_wconf 78' lang='lat' dir='ltr'>Dei?</span> <span class='ocrx_word' id='word_1_272' title='bbox 701 2663 841 2704; x_wconf 90' lang='lat' dir='ltr'>Unde</span> <span class='ocrx_word' id='word_1_273' title='bbox 873 2664 1082 2718; x_wconf 83' lang='lat' dir='ltr'>graviter</span> <span class='ocrx_word' id='word_1_274' title='bbox 1103 2672 1371 2718; x_wconf 81' lang='lat' dir='ltr'>peccarunt,</span> <span class='ocrx_word' id='word_1_275' title='bbox 1404 2665 1484 2719; x_wconf 87' lang='lat' dir='ltr'>qui</span> <span class='ocrx_word' id='word_1_276' title='bbox 1504 2665 1872 2707; x_wconf 79' lang='lat' dir='ltr'>introduxerunt</span> 
     </span>
    </p>
   </div>
   <div class='ocr_carea' id='block_1_7' title="bbox 554 2834 1870 2916">
    <p class='ocr_par' dir='ltr' id='par_1_8' title="bbox 554 2834 1870 2916">
     <span class='ocr_line' id='line_1_47' title="bbox 621 2834 1870 2872; baseline 0.002 -10"><span class='ocrx_word' id='word_1_277' title='bbox 621 2834 649 2863; x_wconf 82' lang='lat'>3.</span> <span class='ocrx_word' id='word_1_278' title='bbox 671 2834 769 2863; x_wconf 88' lang='lat' dir='ltr'>Codd.</span> <span class='ocrx_word' id='word_1_279' title='bbox 798 2836 829 2863; x_wconf 89' lang='lat' dir='ltr'>in</span> <span class='ocrx_word' id='word_1_280' title='bbox 856 2844 970 2871; x_wconf 74' lang='lat' dir='ltr'>marg:</span> <span class='ocrx_word' id='word_1_281' title='bbox 996 2836 1128 2871; x_wconf 81' lang='lat' dir='ltr'>Rituum,</span> <span class='ocrx_word' id='word_1_282' title='bbox 1150 2838 1358 2865; x_wconf 76' lang='lat' dir='ltr'>tradictonzmz</span> <span class='ocrx_word' id='word_1_283' title='bbox 1385 2841 1414 2864; x_wconf 77' lang='lat' dir='ltr'>el</span> <span class='ocrx_word' id='word_1_284' title='bbox 1439 2838 1692 2865; x_wconf 73' lang='lat' dir='ltr'>consuetudinum</span> <span class='ocrx_word' id='word_1_285' title='bbox 1717 2837 1870 2872; x_wconf 78' lang='lat' dir='ltr'>defensio.</span> 
     </span>
     <span class='ocr_line' id='line_1_48' title="bbox 554 2881 1474 2916; baseline 0.003 -8"><span class='ocrx_word' id='word_1_286' title='bbox 554 2881 595 2909; x_wconf 74' lang='lat'>10.</span> <span class='ocrx_word' id='word_1_287' title='bbox 619 2881 718 2909; x_wconf 66' lang='lat' dir='ltr'>(Lodd.</span> <span class='ocrx_word' id='word_1_288' title='bbox 739 2881 768 2909; x_wconf 84' lang='lat' dir='ltr'>in</span> <span class='ocrx_word' id='word_1_289' title='bbox 792 2890 907 2916; x_wconf 56' lang='lat' dir='ltr'>marg:</span> <span class='ocrx_word' id='word_1_290' title='bbox 931 2883 994 2909; x_wconf 80' lang='lat' dir='ltr'>Lex</span> <span class='ocrx_word' id='word_1_291' title='bbox 1016 2883 1076 2909; x_wconf 79' lang='lat' dir='ltr'>Dei</span> <span class='ocrx_word' id='word_1_292' title='bbox 1092 2883 1225 2910; x_wconf 75' lang='lat' dir='ltr'>maxime</span> <span class='ocrx_word' id='word_1_293' title='bbox 1250 2887 1293 2910; x_wconf 74' lang='lat' dir='ltr'>est</span> <span class='ocrx_word' id='word_1_294' title='bbox 1312 2883 1474 2911; x_wconf 74' lang='lat' dir='ltr'>slzcdenda.</span> 
     </span>
    </p>
   </div>
  </div>
 </body>
</html>
