2078 3338
245 260 334 293 cAp.
361 254 430 312 lx]
642 268 700 299 DE
729 266 1008 299 POTESTATE
1037 266 1165 299 ΡΑΡΕ.
1769 270 1847 308 215

243 371 332 411 XL
379 371 447 412 sic
491 371 747 424 loquentis:
794 371 895 411 Non
941 375 1001 411 est
1033 371 1179 423 facile
1222 375 1345 411 stare
1382 372 1429 411 in
1467 373 1560 412 loco

242 441 368 482 Petri
389 444 428 481 et
448 441 586 481 Pauli
608 444 646 481 et
676 444 822 481 tenere
854 442 1134 490 cathedram,
1165 441 1273 492 qnia
1305 453 1392 481 uon
1424 454 1559 481 sanc-

242 514 394 551 torum
424 511 523 562 filii
564 513 680 559 sunt,
723 511 800 562 qui
842 513 985 550 tenent
1028 511 1126 550 loca
1168 513 1447 559 sanctorum,
1485 511 1562 550 sed

241 581 319 632 qui
359 583 561 620 exercent
597 592 737 632 opera
777 592 951 620 eorum.
1005 579 1079 618 Ex
1113 592 1205 632 quo
1246 584 1381 632 patet
1433 580 1562 632 quod
1588 578 1616 603 A
1638 585 1718 612 1³0?ss
1739 577 1764 604 1³
1786 582 1839 604 not

1628 613 1686 639 trul
1730 612 1805 639 such

211 655 380 690 5nemo
425 649 485 689 sit
527 662 662 702 papa,
707 648 797 689 nisi
841 649 901 689 sit
941 648 1115 689 Christi
1160 654 1208 688 et
1250 648 1381 688 Petri
1424 649 1561 699 filius,
1637 621 1799 674 Ηῃῑὲθὲῑῑθ

241 719 463 759 imitando
498 732 581 759 eos
614 718 661 758 in
693 718 916 767 moribus,
950 718 1034 758 sed
1068 717 1190 758 sicut
1221 731 1316 758 non
1349 718 1563 759 subiacet
1588 680 1839 744 fomspectgffst

241 788 469 842 potestati
507 787 758 828 eleccionis
796 788 997 827 humane
1035 788 1127 827 hoc
1164 786 1335 837 facere,
1374 787 1441 827 sic
1473 800 1562 827 nec

242 858 456 898 subiacet
500 856 728 911 potestati
777 858 979 897 humane
1032 869 1204 909 papam
1257 856 1559 897 constituere.

241 926 292 968 Si
331 933 485 968 autem
516 932 717 967 vocetur
747 940 872 980 papa
926 926 1210 979 quicumque
1256 939 1395 978 quem
1441 926 1560 966 occi-

188 1011 226 1033 10
241 997 439 1037 dentalis
474 996 676 1037 ecclesia
709 1002 926 1049 acceptat
959 996 1017 1035 ad
1051 995 1316 1048 capitaliter
1345 995 1559 1036 deciden-

241 1068 351 1107 dum
396 1080 559 1107 causas
594 1067 810 1116 ecclesie,
857 1067 913 1106 ad
945 1065 1305 1119 precipiendum
1339 1065 1560 1105 fidelibus

239 1135 592 1176 infundabiliter
631 1141 677 1176 et
708 1135 938 1175 blasfeme
970 1148 1058 1188 pro
1099 1135 1447 1188 congregandis
1479 1149 1560 1187 pe-

242 1206 387 1246 cuniis
421 1211 468 1245 et
499 1204 743 1245 mundanis
766 1205 1039 1255 honoribus,
1074 1204 1236 1244 abusio
1272 1210 1344 1244 est
1375 1205 1560 1244 termini

239 1275 555 1325 infundabilis,
602 1275 735 1315 iuxta
779 1288 916 1328 quam
961 1280 1154 1328 oportet
1203 1275 1251 1315 in
1297 1288 1406 1314 casu
1452 1288 1557 1314 con-

185 1345 425 1395 15cedere‚
473 1346 600 1398 quod
638 1344 868 1385 maximus
907 1345 1145 1385 hereticus
1181 1350 1228 1385 et
1260 1344 1559 1385 antichristus

240 1414 299 1456 sit
335 1427 473 1468 papa,
519 1414 605 1454 sed
645 1420 692 1454 et
728 1413 1006 1454 rudissimus
1041 1414 1205 1467 laycus
1238 1415 1316 1454 vel
1354 1413 1557 1463 femella3

241 1490 288 1525 et
331 1484 511 1538 periret
552 1484 671 1524 fides
716 1484 793 1523 vel
836 1483 1003 1537 religio
1051 1483 1195 1536 capiti
1239 1483 1442 1524 ecclesie
1484 1484 1559 1523 ad-

238 1554 456 1594 hibenda.

296 1623 436 1664 Unde
469 1628 740 1664 notaremus
773 1622 989 1663 cronicas
1026 1622 1279 1675 predictas,
1319 1622 1557 1675 quomodo
1623 1633 1800 1704 Ei‘nenssffiffil

1666 1688 1682 1703 ι,
1783 1690 1790 1695 .

181 1706 223 1728 20
238 1693 435 1734 inolevit
466 1692 650 1746 papalis
684 1692 901 1745 dignitas.
933 1692 995 1732 Et
1022 1698 1177 1731 narrat
1201 1691 1416 1731 dominus
1439 1692 1557 1731 Ard-
1591 1702 1823 1765 τἰἶγῗὲἒῑεῖιῇρῧὶἒ

1609 1757 1625 1772 r,

238 1776 457 1803 macanus
495 1762 616 1802 libro
649 1761 743 1802 VH
784 1775 882 1815 cap.
915 1761 1092 1802 XXIV
1132 1762 1191 1801 de
1226 1761 1557 1814 questionibus
1596 1780 1643 1799 em
1671 1773 1831 1811 eros-who

237 1833 562 1880 Armenorum,
623 1833 859 1884 quomodo
913 1831 1170 1884 imperator
1222 1830 1557 1871 Constantinus
1588 1808 1728 1869 tgamffkoe
1741 1807 1835 1869 τέἕὲιξ

240 1902 360 1942 circa
398 1915 566 1941 annum
603 1901 778 1941 domini
815 1900 1200 1941 trecentesimum
1234 1900 1436 1953 primum
1466 1900 1557 1940 hoc

239 1971 422 2012 censuit
466 1977 513 2012 et
555 1970 786 2025 precepit,
842 1970 971 2023 quod
1022 1983 1134 2010 suus
1188 1970 1447 2023 episcopus
1499 1971 1556 2009 ab

182 2046 220 2078 25
238 2040 452 2082 omnibus
475 2054 600 2094 papa
621 2046 885 2081 vocaretur.
918 2041 980 2080 Et
1001 2040 1129 2080 Foca
1156 2039 1413 2092 imperator
1437 2039 1558 2079 circa

239 2124 407 2151 annum
441 2110 616 2150 domini
648 2109 1045 2150 sexcentesimum
1076 2110 1167 2149 hoc
1199 2109 1322 2149 idem
1357 2123 1417 2149 ex
1445 2109 1558 2148 cleri

236 2180 465 2221 instancia
497 2180 805 2229 confirmavit,
838 2185 890 2220 ut
912 2180 1086 2233 legitur
1109 2179 1155 2219 in
1180 2179 1274 2219 suis
1300 2178 1556 2219 annalibus.

239 2250 479 2303 quomodo
512 2249 656 2305 igitur
678 2250 868 2290 saltaret
889 2249 936 2289 in
959 2262 1186 2289 summum
1217 2254 1556 2289 sacramentum

239 2320 455 2369 ecclesie,
490 2320 618 2373 quod
649 2319 907 2372 imperator
934 2325 1150 2359 terrenus
1177 2324 1271 2358 tam
1292 2317 1556 2371 irreligiose

120 2395 201 2426 215²·
236 2390 451 2439 instituit,
489 2403 598 2443 ymo
632 2395 684 2430 ut
714 2389 884 2443 inquit:
913 2390 918 2441 Ι
948 2388 999 2430 Si
1031 2390 1286 2441 imperator
1322 2388 1557 2428 Tlmrfarie

238 2461 471 2501 ecclesiam
495 2461 547 2499 de
571 2458 812 2501 Cambalek
840 2462 920 2500 aut
951 2460 1004 2499 de
1029 2458 1198 2510 Catlzay
1222 2471 1463 2499 conversus
1496 2457 1556 2497 ad

308 2651 336 2671 2.
353 2641 468 2670 Codd.:
485 2643 571 2670 Petri
584 2645 612 2670 et
624 2643 710 2670 Petri
722 2645 839 2669 tenere.
914 2650 961 2669 20.
986 2642 1007 2669 Β
1027 2642 1058 2669 in
1080 2650 1192 2677 marg:
1215 2642 1313 2677 Papa.
1389 2641 1438 2668 25.
1455 2640 1553 2668 Codd.

238 2690 267 2717 in
290 2697 404 2725 marg:
426 2689 542 2724 Papam
562 2690 672 2717 vocari
688 2689 755 2725 quis
774 2689 918 2716 instituit.

314 2785 338 2806 1.
367 2775 468 2807 Decr.
493 2774 613 2805 Prima
631 2773 716 2804 Pars
743 2774 821 2806 dist.
844 2774 915 2812 XL,
944 2783 1017 2815 cap.
1036 2772 1074 2804 Π.
1173 2772 1224 2804 25.
1253 2772 1308 2804 Sic
1335 2778 1367 2803 ct
1393 2772 1424 2803 in
1453 2771 1555 2814 Poly-

239 2831 404 2863 chronico
429 2832 471 2875 V7
497 2831 581 2872 416:
614 2832 679 2863 Hic
706 2832 903 2874 impetravit
930 2831 970 2862 ab
998 2832 1158 2873 Augusto
1186 2830 1314 2871 Phoca,
1346 2837 1383 2861 ut
1410 2829 1554 2861 ecclesia

237 2890 327 2922 beati
347 2890 436 2922 Petri
462 2890 598 2921 Romae
623 2896 728 2931 caput
754 2890 843 2921 foret
867 2890 1027 2921 omnium
1055 2889 1277 2920 ecclesiarum
1306 2889 1339 2919 in
1367 2887 1461 2919 orbe.
