2078 3338
203 284 291 313 CAP.
313 274 381 331 lxi]
596 288 653 319 DE
681 287 964 319 PoTEsTATE
993 288 1125 320 PAPE.
1736 293 1812 330 199

204 391 325 431 enim
359 390 624 431 Cestrensis
656 391 777 431 libro
812 404 897 431 suo
931 391 1001 431 IV
1034 391 1274 444 quomodo
1301 395 1405 444 post
1428 390 1520 432 Sil—

200 464 398 502 vestrum
428 461 639 501 successit
664 460 869 513 Marcus,
902 461 976 500 cui
1006 462 1216 501 successit
1245 460 1415 514 Julius,
1446 461 1525 513 qui

193 543 364 584 passus
395 533 457 570 est
488 530 674 570 exilium
706 530 958 582 decennale,
992 533 1031 570 et
1052 531 1293 582 posthunc
1313 531 1523 570 successit

199 600 420 651 Liberius,
460 600 513 639 de
544 612 628 650 quo
664 613 763 653 cap.
796 613 844 650 91
882 599 962 639 lib.
995 599 1065 639 IV
1098 599 1365 640 Cestrensis
1401 599 1523 651 dicit,

168 669 331 723 §quod
366 669 497 709 iussu
530 667 826 710 Constantini
864 670 1015 709 exulat
1051 671 1196 710 tribus
1234 671 1381 722 annis,
1415 671 1523 721 quia

199 739 420 780 Arrianis
449 738 617 790 favere
660 740 813 780 noluit.
865 739 932 779 De
976 740 1107 779 cuius
1151 740 1337 780 consilio
1377 741 1524 779 clerus

198 808 438 850 Romanus
476 809 708 850 ordinavit
743 809 929 848 interim
961 808 1154 849 Felicem
1186 821 1378 861 papam.
1437 807 1524 860 Qui

199 878 414 919 celebrato
459 880 645 920 consilio
690 879 805 918 duos
841 878 1117 930 presbiteros
1147 877 1378 919 Arrianos
1415 890 1521 918 con-

199 948 454 1000 dempnans
505 949 641 989 eiecit.
705 947 804 988 Hoc
848 948 1003 987 audito
1041 947 1251 988 Liberius
1293 948 1350 988 ab
1393 948 1522 988 exilio

146 1034 183 1054 10
198 1021 448 1067 revocatur,
480 1019 556 1071 qui
578 1018 700 1058 exilii
721 1018 1021 1058 diuturnitate
1042 1018 1242 1058 devictus
1263 1021 1302 1057 et
1319 1021 1525 1069 papatus

197 1088 530 1140 resuscepcione
563 1088 854 1136 exhilaratus,
888 1089 951 1128 ad
980 1088 1225 1127 hereticam
1241 1088 1523 1139 pravitatem

198 1158 418 1197 consensit
450 1161 488 1197 et
518 1157 662 1197 Felice
695 1158 860 1198 deiecto
892 1157 1126 1198 ecclesiam
1160 1156 1283 1197 Petri
1315 1160 1354 1197 et
1384 1156 1524 1197 Pauli

198 1229 237 1266 et
256 1226 503 1268 Laurencii
534 1228 674 1267 tenuit
705 1229 930 1276 violenter,
966 1228 1032 1268 ita
1062 1231 1111 1267 ut
1132 1228 1285 1267 clerici
1307 1230 1346 1266 et
1367 1239 1521 1267 sacer-

198 1297 319 1337 dotes
349 1296 486 1337 Felici
505 1296 717 1347 faventes
747 1297 926 1338 Liberio
958 1310 1047 1337 non
1074 1297 1338 1350 prohibente
1371 1297 1418 1336 in
1452 1308 1521 1336 ec-

146 1366 334 1406 15clesia
365 1367 695 1417 cruciarentur,
728 1366 851 1406 Felix
888 1379 990 1407 vero
1030 1367 1372 1416 martyrizatur.
1425 1365 1523 1406 Iste
1538 1374 1745 1437 ffpbdoyvment
1765 1376 1812 1403 led

198 1440 352 1476 autem
403 1435 680 1476 maledictus
725 1435 941 1476 Liberius
994 1449 1090 1476 non
1140 1435 1266 1476 foret
1310 1436 1418 1489 plus
1463 1435 1522 1475 de
1564 1414 1813 1446 ¹er¹usaStray'

196 1510 374 1558 papatu
418 1505 672 1546 exilaratus
719 1511 766 1546 et
810 1505 985 1546 cadens
1028 1505 1077 1545 in
1112 1504 1316 1546 heresim
1353 1504 1522 1558 pocius

198 1587 335 1627 quam
385 1588 510 1628 pape
564 1580 671 1615 ante
724 1575 1022 1615 dotacionem
1073 1574 1163 1615 nisi
1208 1580 1413 1628 propter
1457 1574 1521 1614 in-

197 1645 456 1685 naturalem
486 1651 690 1698 papatus
722 1644 1072 1698 pinguedinem.

141 1728 183 1750 20
254 1713 316 1754 Et
346 1719 481 1767 patet
511 1713 822 1768 probabiliter
854 1714 1001 1755 maior
1023 1714 1220 1754 secundi
1243 1713 1517 1767 argumenti.
1622 1722 1731 1750 Before

1576 1758 1776 1785 endowment

196 1783 353 1824 Minor
375 1789 529 1825 autem
553 1798 614 1824 ex
635 1785 726 1824 hoc
751 1784 922 1836 evidet‚
946 1785 1074 1837 quod
1098 1789 1204 1824 ante
1221 1783 1519 1824 dotacionem
1558 1792 1787 1855 thcfirsetigsgssisorrlxo

198 1853 401 1894 ecclesie
424 1867 519 1894 non
541 1853 731 1894 fuerunt
752 1853 940 1894 nomina
964 1853 1074 1894 cleri
1096 1853 1251 1894 taliter
1281 1853 1520 1907 baptizata
1543 1861 1682 1923 bebtyvgen
1702 1862 1812 1923 eldedrs,

198 1929 246 1963 et
276 1936 365 1976 per
398 1936 698 1977 consequens
731 1937 820 1963 nec
854 1923 1135 1977 dignitatum
1168 1922 1336 1964 officia.
1388 1922 1521 1963 Idem
1592 1904 1759 1966 mmigsstsefn

198 1992 321 2033 enim
371 1992 460 2033 fuit
510 1999 617 2034 ante
671 1993 971 2034 dotacionem
1015 1993 1218 2033 ecclesie
1270 1992 1522 2046 presbiter,

142 2063 455 2116 25episcopus
494 2068 541 2103 et
579 2063 813 2114 sacerdos,
852 2069 904 2103 ut
942 2063 1158 2103 dominus
1196 2063 1521 2103 Ardmacanus

198 2132 407 2173 ostendit
443 2131 564 2172 libro
603 2132 678 2173 XI
715 2134 790 2173 De
823 2131 1164 2185 Questionibus
1203 2132 1521 2173 Armenorum

197 2201 242 2242 V
275 2215 375 2255 cap.
409 2215 471 2242 ex
502 2201 734 2255 scriptura
764 2201 1026 2254 multiplici,
1064 2202 1216 2255 primo
1257 2215 1319 2242 ex
1349 2201 1429 2241 illo
1463 2201 1523 2241 ad

196 2270 371 2324 Tytum
403 2270 436 2323 Ι,
471 2284 506 2322 5,
540 2273 583 2311 6:
622 2271 802 2323 Reliqui
833 2274 872 2312 te
906 2270 1045 2324 Crete,
1084 2275 1133 2311 ut
1164 2284 1218 2311 ea
1249 2283 1332 2323 que
1363 2272 1522 2311 desunt

196 2341 416 2393 corrigas,
455 2344 493 2381 et
530 2342 775 2382 constituas
806 2354 894 2394 per
930 2342 1131 2381 civitates
1156 2342 1443 2392 presbiteros,
1480 2341 1521 2381 si

142 2415 183 2447 30
196 2411 297 2462 quis
316 2411 413 2451 sine
434 2411 628 2451 crimine
651 2414 726 2464 est,
759 2411 898 2451 unius
919 2411 1076 2451 uxoris
1103 2411 1184 2461 vir,
1205 2410 1336 2461 filios
1355 2411 1522 2450 liabens

195 2480 373 2531 fideles,
405 2492 494 2520 non
517 2481 563 2521 in
587 2481 878 2521 accusacione
898 2481 1078 2520 luxurie
1099 2483 1178 2520 aut
1199 2492 1289 2520 non
1310 2479 1520 2520 subditos.

79 2563 160 2596 210¹¹
196 2549 258 2590 Et
285 2547 290 2604 Ι
318 2549 479 2590 subdit
500 2563 685 2590 causam
710 2549 1002 2590 condicionis
1025 2549 1292 2603 presbiteri.
1327 2548 1520 2602 Oportet,

271 2740 297 2760 2.
325 2732 379 2760 AB
406 2732 436 2759 in
464 2740 578 2768 marg:
607 2732 768 2768 Depositio
789 2740 874 2768 pape
900 2732 1039 2759 heretict.
1131 2740 1159 2766 4.
1188 2730 1281 2759 Nunc
1306 2739 1371 2766 cap.
1399 2730 1520 2758 XXVII.

201 2778 249 2806 26.
282 2779 336 2806 AB
369 2779 399 2806 in
434 2786 548 2814 marg:
581 2777 756 2814 Episcopus
785 2779 940 2813 presbiter
978 2782 1008 2805 et
1040 2778 1191 2805 sacerdos
1221 2777 1293 2805 olim
1327 2777 1394 2811 fuit
1429 2777 1520 2804 idem.

201 2832 248 2859 29.
272 2825 310 2853 B:
327 2833 386 2860 per
406 2825 545 2852 civitates
566 2825 661 2852 deest.

275 2918 301 2942 1.
327 2908 369 2950 V,
401 2907 473 2950 146,
506 2907 579 2948 148,
611 2908 684 2942 158.
782 2907 839 2940 25.
863 2908 915 2942 Cf.
942 2908 1153 2950 Trialogum
1181 2908 1256 2949 276.
