2078 3338
178 252 268 280 cm).
292 241 346 299 Χ]
578 254 636 286 DE
663 254 944 286 POTESTATE
970 254 1100 287 PAPE.

176 359 348 399 iective
381 359 426 398 in
459 358 640 412 spiritu,
680 359 867 399 videtur
899 360 1027 412 quod
1068 364 1223 399 manet
1254 364 1491 413 perpetuo

175 434 227 468 ut
272 434 499 480 caracter3
556 433 603 469 et
649 428 715 468 sic
760 429 1040 469 haberemus
1085 428 1312 481 plurimos
1345 441 1493 481 papas

177 498 324 548 simul,
371 504 417 539 et
461 498 526 538 sic
571 511 696 551 pape
739 498 953 538 moderni
983 498 1239 538 redderent
1276 511 1328 538 se
1360 497 1495 539 nimis

178 567 570 621 dampnabiliores
605 581 666 607 ex
699 567 802 607 ocio
835 567 1108 620 potestatis;
1145 580 1248 607 cum
1278 567 1412 617 enim,
1445 574 1496 608 ut

145 637 404 690 §inquiunt
435 638 614 677 habent
645 642 818 677 tantam
851 642 1141 690 potestatem
1168 642 1219 677 ut
1240 636 1414 678 Petrus
1448 643 1496 678 et

177 706 350 746 Paulus
383 706 530 757 simul,
565 720 674 760 ymo
707 712 759 747 ut
790 706 957 747 Ihesus
989 707 1195 748 habebat
1216 706 1495 758 humanitus,

177 790 264 816 nec
308 781 472 829 potest
514 776 629 830 fingi
673 776 887 816 defectus
934 790 994 816 ex
1026 777 1145 821 Deo,
1190 777 1276 816 sed
1321 789 1382 816 ex
1416 777 1496 825 eis,

180 859 322 898 quare
354 860 449 887 non
481 846 765 887 fructificant
808 853 860 887 ut
904 852 1012 886 ante
1061 847 1356 887 dotacionem
1393 860 1497 887 cum

178 915 440 957 huiusmodi
470 918 738 970 potestate?
769 916 972 957 Videtur
996 917 1125 969 quod
1155 930 1215 956 ex
1244 917 1496 970 potestatis

125 1004 164 1026 10
180 986 327 1026 abusu
368 986 661 1027 durissimum
699 986 920 1027 iudicium
955 1000 1015 1026 ex
1054 987 1354 1027 confessione
1387 999 1496 1040 pro-

178 1055 281 1108 pria
302 1055 391 1096 illis
419 1057 512 1097 fiet.
546 1056 717 1096 Petrus
743 1056 864 1096 enim
886 1056 1048 1096 veniet
1071 1058 1128 1096 ad
1149 1056 1370 1096 iudicium
1393 1069 1496 1097 cum

179 1126 277 1165 suis
309 1127 535 1166 conversis
575 1132 622 1166 et
661 1126 859 1179 quilibet
892 1127 1215 1179 apostolorum
1251 1139 1353 1166 cum
1387 1126 1496 1172 suis,

180 1200 230 1234 ut
264 1194 375 1236 dicit
407 1197 574 1236 beatus
593 1195 851 1249 Gregorius
876 1209 1021 1249 super
1045 1196 1294 1249 evangelia
1317 1195 1498 1237 Omelia

180 1263 341 1314 XVII,
376 1266 460 1305 sed
494 1265 597 1305 talis
632 1265 930 1305 antichristus
954 1265 1115 1305 veniet
1147 1279 1251 1305 cum
1274 1265 1370 1306 suis
1394 1279 1496 1318 per-

128 1333 330 1375 15versis
365 1335 795 1388 condempnandus.
848 1334 949 1375 Nec
984 1336 1111 1375 valet
1150 1335 1498 1375 antichristiana

179 1402 352 1444 ficticia
396 1418 487 1457 qua
526 1405 694 1445 dicitur
738 1418 908 1458 papam
939 1405 1114 1444 habere
1154 1411 1328 1445 tantam
1361 1411 1494 1458 pote-

181 1478 348 1513 statem
392 1474 650 1514 secundum
693 1475 849 1527 legem
894 1474 1079 1516 Christi.
1126 1474 1248 1514 sicut
1292 1474 1497 1527 apostoli

182 1543 239 1582 ad
269 1544 576 1596 regulandum
611 1545 841 1597 populum
876 1549 924 1584 et
965 1543 1159 1597 insuper
1189 1544 1333 1586 habet
1364 1550 1496 1597 pote-

181 1618 351 1652 statem
384 1614 442 1653 ad
473 1615 783 1666 regulandum
814 1614 1046 1666 populum
1070 1614 1328 1653 secundum
1361 1615 1497 1667 leges

114 1700 165 1722 ·20
181 1696 296 1736 quas
339 1683 444 1736 ipse
490 1683 701 1724 condidit
745 1689 792 1724 et
835 1683 900 1723 illi
937 1683 1152 1737 regimini
1184 1690 1385 1737 propter
1418 1697 1496 1723 va-

179 1752 433 1793 riacionem
456 1753 683 1807 temporis
709 1759 902 1806 oportet
925 1754 1182 1803 attendere,
1217 1753 1325 1807 quia
1357 1752 1498 1793 nichil

179 1823 427 1876 patencius
466 1823 696 1864 indicaret
735 1823 1041 1863 condiciones
1079 1823 1160 1863 filii
1193 1822 1496 1877 perdicionis.

181 1892 261 1945 qui
308 1894 566 1933 secundum
599 1894 887 1947 Apostolum
929 1894 1153 1933 extollimur
1189 1906 1327 1946 super
1366 1906 1497 1933 omne

181 1964 298 2016 quod
320 1965 488 2004 diciz‘ur
508 1964 647 2016 Dens,
681 1964 788 2016 quia
813 1970 992 2004 certum
1024 1969 1096 2004 est
1135 1964 1260 2017 quod
1284 1962 1496 2003 Christus

124 2039 271 2073 25non
317 2039 475 2087 potest
518 2034 636 2074 tales
680 2034 814 2087 leges
849 2034 1068 2077 condere,
1114 2034 1180 2074 sic
1216 2046 1387 2086 regere
1419 2033 1497 2073 vel

179 2102 334 2143 taliter
358 2103 595 2144 dominari.
629 2102 913 2144 Sacerdotes
936 2103 1094 2156 itaque
1120 2102 1292 2143 Christi
1319 2104 1498 2143 habent

178 2178 468 2225 potestatem
521 2178 627 2213 ante
680 2173 815 2213 istam
859 2172 1209 2213 iurisdicionem
1260 2186 1496 2213 cesaream

181 2241 431 2283 edificandi
451 2244 695 2296 populum.
720 2242 1003 2295 ubicumque
1027 2248 1251 2282 terrarum
1274 2248 1498 2296 quantum

180 2312 432 2362 sufficiunt,
477 2313 785 2366 predicando,
840 2319 1001 2353 sancte
1048 2314 1375 2353 conversando
1421 2313 1497 2352 vel

124 2380 324 2422 aoinstar
367 2388 636 2422 sanctorum
681 2382 929 2422 doctorum
973 2382 1163 2435 scriptis
1208 2381 1497 2422 sentenciam

181 2451 455 2492 catholicam
472 2452 863 2498 commendando;
879 2451 1019 2493 talem
1037 2457 1191 2492 autem
1204 2456 1495 2505 potestatem

177 2520 422 2574 regiminis
462 2521 865 2575 independentem
902 2523 961 2561 ab
999 2521 1202 2562 invicem
1232 2522 1497 2562 habuerunt

180 2590 385 2643 apostoli
416 2591 523 2644 plus
556 2597 603 2631 et
633 2590 799 2641 minus,
844 2590 1017 2632 Paulus
1057 2597 1108 2632 ut
1148 2590 1314 2633 estimo
1347 2589 1496 2644 magis

179 2659 337 2701 Petro.

252 2798 296 2826 15.
318 2798 417 2827 Codd.
440 2799 470 2826 in
492 2807 606 2834 marga:
626 2799 811 2827 Jurz'sdiccio
830 2799 877 2828 vel
894 2802 1030 2835 poteslas
1047 2799 1268 2836 apostolorum.

256 2884 305 2916 13.
327 2883 469 2925 Gregor.
485 2884 506 2917 l.
524 2894 550 2916 c.
568 2884 660 2926 Opp.
676 2884 745 2924 (ed.
762 2883 892 2928 Migne)
907 2884 945 2928 11,
967 2883 1063 2926 1148.
1150 2886 1202 2918 23.
1218 2883 1256 2917 11.
1271 2883 1396 2916 Thess.
1412 2884 1448 2925 11,
1463 2894 1495 2926 4.

1704 257 1781 296 235

1539 575 1622 611 Why
1644 576 1683 603 do
1704 580 1755 603 not

1527 611 1655 638 modern
1678 618 1774 646 popcs

1512 650 1596 674 exest
1617 645 1667 673 the
1683 654 1787 681 power

1556 682 1626 717 they
1647 682 1749 709 claim.

1536 2322 1608 2349 Paul
1630 2321 1687 2348 had
1711 2322 1758 2348 the

1564 2363 1670 2391 power
1690 2357 1725 2383 of

1527 2390 1665 2426 edifying
1685 2398 1758 2418 even

1556 2433 1642 2454 more
1661 2426 1733 2453 than

1596 2460 1693 2491 Peter.
