2078 3338
238 253 319 302 386
961 264 1184 296 JOHANle
1210 262 1392 296 WYCLff
1642 249 1747 301 [cAv.
1777 256 1839 285 xn.

527 368 742 420 apciores
788 370 845 408 ad
883 369 1245 408 discernendum
1282 368 1529 408 veritatem
1569 366 1842 407 catholicam

527 451 667 490 quam
700 451 823 490 papa
856 451 1086 479 cesareus.
1119 437 1178 477 Et
1213 437 1250 478 si
1285 437 1453 477 dicitur
1486 437 1615 489 quod
1648 435 1842 476 auctori-

526 513 622 546 tate
656 508 727 547 sui
761 508 938 546 debent
970 507 1127 548 vocati
1151 507 1387 554 decidere,
1422 519 1525 545 cum
1559 507 1689 545 solus
1720 518 1844 558 papa

526 582 690 629 potest
713 578 946 630 synodum
963 590 1273 629 congregare,
1297 576 1423 629 picta
1446 581 1494 615 et
1515 575 1623 615 ficta
1645 574 1842 614 tradicio

525 646 802 691 balbutitur3
826 659 931 685 nam
954 646 1233 686 auctoritate
1256 645 1379 685 illius
1401 646 1546 685 debet
1568 644 1844 684 christianus
1864 658 1878 690 5

527 716 585 754 ad
618 715 974 756 edificacionem
1007 716 1208 756 ecclesie
1251 715 1467 768 proferre
1497 714 1784 754 sentenciam
1818 727 1845 753 a

528 798 620 837 quo
655 786 780 838 capit
812 785 1082 833 scienciam3
1116 786 1245 838 quod
1279 790 1351 824 est
1376 797 1501 837 pape
1523 783 1843 837 impertinens,

529 868 631 893 cum
676 855 976 906 singulariter
1016 855 1069 895 fit
1113 868 1137 894 a
1173 853 1511 908 Deo31debet
1556 854 1700 907 igitur
1742 852 1845 893 fieri
1885 866 1923 897 25
1954 870 1966 882 ³

528 925 740 976 synodus
787 938 848 963 ex
890 924 1105 964 mocione
1151 924 1308 964 divina
1353 937 1589 964 consensu
1628 922 1844 963 unanimi.

526 994 604 1033 Ad
639 1007 775 1046 quem
810 1007 1091 1034 consensum
1125 995 1270 1034 debet
1302 1007 1428 1046 papa
1460 993 1688 1047 precipue
1718 994 1904 1035 labo-10

526 1077 629 1102 rare
676 1071 722 1103 et
760 1063 806 1103 in
847 1064 1038 1103 defectu
1077 1063 1148 1103 sui
1187 1064 1302 1104 alius
1341 1063 1492 1103 fidelis
1534 1062 1749 1115 ecclesie,
1795 1067 1846 1101 ut

529 1146 661 1172 cesar
692 1134 766 1173 vel
803 1133 916 1173 alius
950 1133 1096 1187 magis
1124 1134 1354 1186 ydoneus
1386 1133 1525 1173 Unde
1551 1133 1693 1173 credo
1719 1132 1846 1185 quod

528 1203 650 1242 sacta
689 1203 874 1256 synodo
915 1205 971 1243 ad
1006 1203 1368 1243 discernendum
1402 1202 1514 1256 quid
1554 1208 1628 1242 est
1664 1208 1846 1241 natura-

528 1273 634 1312 liter
665 1273 820 1312 hostia
854 1279 1131 1312 consecrata
1163 1273 1411 1314 Robertus
1446 1279 1493 1312 et
1524 1271 1656 1311 multi
1677 1271 1848 1325 prelati

530 1343 709 1382 cesarei
752 1343 1020 1395 proferrent
1065 1343 1176 1382 satis
1222 1344 1391 1383 nudam
1431 1341 1720 1382 sentenciam
1757 1352 1903 1385 nec15

1932 878 1947 907 xi

531 1414 820 1452 excederent
851 1412 897 1451 in
931 1412 1144 1452 diccione
1178 1412 1505 1465 procuratoria
1539 1424 1747 1451 cesarem
1770 1411 1848 1450 vel

530 1482 786 1534 simplicem
819 1482 1039 1535 ydiotam.
1094 1482 1188 1521 Alii
1222 1487 1376 1521 autem
1416 1482 1579 1521 dicunt
1611 1481 1741 1534 quod
1775 1484 1848 1519 est

531 1552 777 1604 quantitas,
821 1552 895 1591 alii
929 1565 1043 1592 vero
1084 1552 1214 1604 quod
1253 1558 1324 1591 est
1363 1551 1573 1604 qualitas,
1627 1555 1674 1590 et
1715 1549 1851 1590 tercii

531 1622 660 1673 quod
694 1627 765 1661 est
795 1621 929 1674 panis
975 1626 1022 1661 et
1059 1621 1126 1661 sic
1163 1622 1220 1661 de
1257 1621 1353 1661 aliis
1388 1621 1528 1660 variis
1581 1620 1849 1670 sentenciis,

531 1704 644 1743 quas
677 1704 771 1730 non
804 1693 1018 1744 probant,
1052 1691 1168 1730 Ideo
1203 1705 1360 1730 sanum
1386 1691 1575 1730 videtur
1598 1690 1765 1729 fideles
1798 1704 1848 1730 se
1867 1710 1908 1730 ρο

531 1767 693 1801 tencre
726 1761 772 1800 in
803 1760 1027 1801 limitibus
1062 1774 1181 1813 quos
1214 1762 1295 1801 lex.
1327 1760 1496 1800 Christi
1533 1761 1703 1800 edocet
1736 1765 1782 1799 et
1803 1759 1848 1799 in

532 1830 633 1869 aliis
669 1830 1020 1870 curiositatibus
1053 1844 1145 1870 non
1170 1830 1391 1870 musitare
1424 1831 1501 1869 vel
1536 1831 1643 1883 plus
1679 1842 1847 1882 sapore

533 1914 667 1953 quam
703 1906 914 1953 oportet;
951 1900 1124 1940 sufficit
1157 1900 1277 1939 enim
1316 1900 1429 1939 tides
1454 1900 1686 1952 scripture
1711 1899 1846 1938 certi-

535 1971 671 2010 ficare
715 1970 868 2023 quoad
914 1970 1067 2010 omnia
1112 1970 1299 2023 agibilia
1334 1971 1413 2009 ‘vel
1455 1969 1708 2010 credibilia.
1755 1982 1846 2021 que

531 2052 731 2079 neccsse
778 2047 850 2079 est
893 2040 1077 2080 viantes
1124 2052 1429 2091 cognoscere.
1488 2039 1563 2078 De
1607 2044 1710 2078 toto
1755 2039 1846 2078 isto
1865 2048 1903 2079 25

532 2115 665 2162 patet
697 2108 866 2148 diffuse
900 2109 1008 2149 alibi
1042 2114 1089 2149 et
1122 2115 1291 2149 cetera.

243 2188 367 2215 Twelve
388 2188 498 2214 abuscs
588 2180 797 2219 Possunt
846 2185 1001 2219 autem
1056 2179 1307 2219 abusiones
1353 2178 1558 2218 Romani
1608 2178 1847 2231 pontificis

269 2223 430 2285 ‘1'filgnlb‘’
456 2231 490 2284 ⁴³61
530 2249 695 2289 reduci
728 2250 784 2288 ad
819 2263 1057 2289 numerum
1094 2250 1353 2301 duodecim,
1392 2254 1443 2288 ut
1476 2249 1561 2288 alie
1595 2247 1848 2288 abusiones

309 2294 451 2320 Clemml'
534 2319 842 2359 communiter
873 2320 1170 2360 reducuntur.
1204 2319 1360 2358 Prima
1382 2319 1509 2371 quod
1540 2317 1766 2358 institutis
1792 2318 1847 2357 ad

531 2392 621 2430 hoc
655 2389 966 2429 cardinalibus
996 2389 1196 2429 dimissis
1229 2388 1497 2428 ministeriis
1521 2401 1611 2441 que
1636 2387 1847 2428 Christus
1864 2395 1906 2427 30

531 2458 745 2510 instituit,
771 2458 946 2511 eligant
968 2472 1109 2498 unum
1133 2463 1290 2511 caput,
1307 2471 1445 2511 quem
1462 2471 1524 2497 ex
1544 2456 1847 2497 institucione

534 2542 723 2568 cesarea
756 2541 924 2580 papam
954 2533 1140 2569 vocant.
1172 2527 1279 2567 Hoc
1302 2527 1473 2567 nedum
1497 2532 1626 2566 caret
1648 2526 1846 2566 auctori-

533 2604 628 2638 tate
663 2597 908 2650 scripture,
943 2598 1027 2636 sed
1055 2598 1240 2636 videtur
1274 2596 1492 2636 societati
1524 2596 1847 2648 apostolorum

535 2674 582 2708 et
604 2667 829 2707 eleccioni
845 2667 1020 2707 lxm-hie
1037 2666 1336 2720 singulariter
1357 2666 1480 2706 facte
1495 2679 1580 2719 per
1594 2665 1847 2705 Dominum

533 2751 817 2791 repugnare.
1865 2740 1903 2773 35

605 2860 645 2887 19.
668 2851 783 2879 <lodda
806 2852 843 2879 de
863 2852 982 2878 nlissdc
1000 2853 1108 2880 mrisx.
1184 2858 1232 2886 27.
1255 2851 1352 2879 Cocli,
1378 2851 1407 2877 in
1430 2857 1543 2884 marg:
1567 2848 1736 2876 Massones·
1755 2856 1846 2884 pape.

535 2905 584 2934 29.
607 2897 707 2925 Com,
730 2899 759 2925 in
783 2906 899 2933 marg:
920 2902 942 2924 J>
