2078 3338
263 275 349 313 390

268 1915 295 1943 8.
317 1915 483 1944 Reudiness
504 1921 534 1943 to

291 1956 395 1985 accept
416 1952 518 1979 undue

995 272 1219 305 JOHANNIS
1245 273 1428 305 WYCLIF
1671 263 1777 314 [CAV.
1803 271 1867 299 XII.

555 389 647 430 que
680 382 754 417 est
786 376 874 417 alia
903 376 1034 418 radix
1069 377 1261 418 malicie.
1295 375 1429 418 Sicut
1461 377 1581 417 enim
1607 377 1763 419 fistula
1783 391 1871 431 per

553 460 692 500 quam
730 445 951 487 transiret
986 446 1140 500 liquor
1177 446 1380 487 inficitur
1412 460 1500 500 per
1537 447 1710 487 metalli
1741 448 1868 489 rubi-

551 516 710 571 ginem
743 516 1052 566 inherentem,
1087 517 1153 556 sic
1183 516 1386 556 inficitur
1415 517 1615 558 rectoris
1637 517 1791 558 fistula
1813 519 1871 558 ad

553 586 791 635 orandum,
850 586 1035 638 quando
1080 586 1419 639 temporalibus
1469 586 1603 626 nimis
1657 586 1870 638 afficitur,

554 668 657 695 curn
702 656 759 695 ad
795 656 885 695 hoc
925 655 1228 708 consequitur
1266 655 1468 696 servitus
1507 657 1775 709 ydolorum;
1823 660 1902 698 et5

553 724 673 765 sicut
710 724 864 778 liquor
899 738 995 765 non
1033 724 1279 765 descendit
1317 738 1404 778 per
1435 725 1637 766 fistulam
1676 727 1733 766 ad
1765 728 1868 767 sub-

551 794 736 845 iectum,
768 793 857 834 nisi
887 794 1315 847 proporeionaliter
1353 795 1413 835 ad
1445 794 1776 848 scaturiginem
1809 796 1870 837 sit

554 863 794 917 depressa,
833 863 900 904 sic
938 864 1160 904 sacerdos
1199 864 1376 904 orando
1416 877 1512 904 non
1542 864 1716 905 mediat
1746 865 1870 906 inter

552 934 707 974 Deum
740 939 788 974 et
816 934 1044 987 populum
1077 933 1166 974 nisi
1200 934 1485 986 deponendo
1518 934 1776 975 elacionem
1809 936 1867 975 de

554 1016 604 1043 se
648 1002 753 1056 ipso
796 1002 1031 1044 humiliter
1068 1002 1261 1055 senciat,
1308 1002 1586 1045 subiciendo
1626 1018 1677 1045 se
1710 1004 1929 1046 debite10

554 1073 706 1126 quoad
741 1073 911 1113 Deum.
965 1073 1080 1113 Ideo
1122 1079 1315 1113 caveret
1354 1087 1491 1127 papa,
1535 1075 1772 1128 quomodo
1811 1076 1869 1115 de

553 1142 838 1184 necessitate
878 1142 1038 1184 salutis
1076 1147 1265 1183 tenetur
1297 1155 1430 1183 orare
1464 1157 1552 1196 pro
1589 1145 1785 1197 populo,
1825 1150 1872 1184 et

554 1212 782 1265 precipue
829 1213 1080 1253 emundare
1118 1212 1361 1265 spirituale
1401 1226 1629 1266 organum
1667 1215 1723 1253 ab
1767 1213 1870 1254 istis

556 1283 742 1323 duobus
775 1281 1063 1333 criminibus3
1097 1281 1231 1322 aliter
1263 1282 1384 1322 enirn
1415 1283 1588 1323 nedum
1612 1283 1869 1323 omittendo

554 1358 790 1405 peccaret,
830 1352 917 1392 sed
953 1351 1205 1392 mediando
1244 1351 1456 1392 inficeret
1493 1366 1691 1407 gregem
1723 1365 1870 1404 suum,
1892 1356 1926 1388 15

556 1421 743 1461 dicente
775 1419 1008 1476 Gregorio
1039 1421 1189 1474 primo
1219 1421 1472 1462 Pastoralis
1500 1422 1569 1462 X:
1608 1421 1775 1474 Cuncti,
1807 1423 1872 1463 in-

555 1491 667 1544 quit,
689 1491 857 1543 liquido
880 1492 1101 1542 novimus,
1132 1490 1135 1546 Ι
1164 1492 1271 1544 quid
1293 1504 1395 1532 cum
1419 1493 1459 1533 is
1481 1493 1555 1543 qui
1585 1493 1788 1545 displicet
1810 1494 1872 1533 dd
1912 1493 1993 1527 258⁸

555 1562 919 1602 intercedendum
951 1562 1160 1614 mittitur,
1193 1562 1304 1602 irati
1336 1563 1521 1603 animus
1552 1564 1614 1603 dd
1644 1564 1871 1603 deteriora

549 1634 839 1683 provocatur.
899 1630 987 1683 Qui
1027 1632 1169 1683 igitur
1208 1633 1355 1672 adhuc
1397 1633 1638 1673 desideriis
1679 1633 1872 1673 terrenis

554 1700 839 1752 astringitur,
870 1704 1026 1741 caveat
1057 1713 1110 1741 ue
1132 1702 1325 1741 districti
1346 1702 1470 1742 iram
1492 1702 1658 1743 iudicis
1677 1702 1873 1755 gravius
1890 1713 1930 1734 20

555 1770 809 1817 ctcceudeus‚
849 1770 960 1811 dum
994 1772 1086 1811 loco
1118 1772 1362 1811 delectatur
1388 1772 1536 1824 glorie
1560 1772 1654 1823 ficit
1683 1772 1873 1812 subditis

555 1846 690 1880 autor
722 1841 862 1881 ruine.

615 1907 797 1950 Octava
840 1909 1003 1949 abusio
1049 1917 1123 1950 est
1166 1911 1294 1963 quod
1338 1923 1461 1963 papa
1505 1916 1671 1951 oneret
1715 1925 1766 1951 se
1805 1911 1871 1951 in—

268 1986 541 2048 ?flfgegfslffggottlfflp
555 1978 858 2019 fundabiliter
911 1992 1054 2019 onere
1106 1979 1272 2020 alieno.
1325 1979 1415 2020 Hic
1460 1985 1614 2021 autem
1653 1980 1873 2034 exprimit

310 2064 346 2083 οι·
366 2056 496 2083 reward.

557 2046 817 2101 Gregorius
849 2048 1001 2101 primo
1025 2048 1280 2089 Pastoralis
1314 2052 1400 2091 sub
1433 2049 1520 2090 hiis
1542 2050 1721 2090 verbis:
1756 2049 1929 2091 Hiuc21'>

549 2119 793 2170 precipites
829 2119 1044 2171 colligant
1087 2131 1190 2159 cum
1222 2123 1391 2171 quauta
1429 2121 1565 2172 culpa
1604 2133 1653 2161 ex
1678 2121 1872 2172 proprio

556 2189 757 2240 appetitu
779 2189 936 2228 ceteris
962 2188 1167 2240 preferri
1188 2202 1276 2229 uon
1300 2192 1516 2239 metuunt,
1548 2190 1589 2230 si
1617 2191 1762 2230 sancti
1783 2191 1874 2230 viri

550 2258 752 2310 plebium
792 2259 1009 2298 ducatum
1046 2259 1272 2310 suscipere
1302 2258 1396 2299 Deo
1436 2260 1581 2300 eciam
1613 2260 1783 2300 iubente
1813 2260 1871 2299 ti-

557 2330 778 2368 mueruut.
828 2327 1007 2379 Moyses
1048 2329 1262 2369 suadente
1304 2328 1501 2369 Domiuo
1546 2330 1752 2382 trepidat,
1800 2330 1872 2370 iu-

572 2397 734 2437 firmus
763 2398 958 2449 quisque,
990 2400 1038 2437 ut
1057 2398 1241 2438 lionoris
1272 2411 1384 2439 onus
1409 2400 1640 2452 suscipiat,
1674 2400 1874 2447 aulielat;
1889 2399 1930 2432 30

558 2470 596 2507 et
632 2467 708 2517 qui
744 2467 806 2507 ad
843 2478 1001 2507 casum
1040 2469 1171 2508 valde
1215 2471 1405 2520 urgetur
1442 2481 1496 2509 ex
1529 2468 1751 2521 propriis,
1786 2469 1870 2509 hu—

557 2548 738 2577 merum
767 2537 953 2577 libenter
984 2538 1313 2590 opprimendus
1342 2539 1562 2578 submittit
1593 2539 1873 2590 ponderibus

558 2605 742 2655 alz·euis;
770 2618 853 2658 que
873 2607 962 2659 egit
979 2606 1114 2659 ferre
1135 2620 1224 2648 riou
1245 2608 1375 2660 valet,
1408 2607 1552 2648 eciam
1578 2611 1724 2660 auget,
1756 2608 1874 2660 quod

630 2773 674 2793 21.
706 2766 744 2794 ss:
771 2766 924 2801 glomose.
1018 2766 1066 2794 23.
1098 2767 1197 2795 Codd.
1228 2767 1256 2794 in
1284 2775 1402 2803 marga:
1435 2767 1462 2796 8.
1562 2767 1611 2795 33.
1639 2767 1756 2796 Cedet:
1786 2775 1873 2802 quem

559 2818 638 2846 eger
647 2811 756 2846 ferre.

635 2894 683 2928 16.
709 2896 756 2928 St.
785 2895 970 2937 Gregorius
997 2897 1015 2929 l.
1044 2906 1071 2927 c.
1169 2897 1220 2929 28.
1249 2897 1298 2928 De
1325 2897 1417 2928 Cura
1443 2897 1533 2930 Past.
1562 2897 1583 2937 Ι,
1612 2907 1684 2938 cap.
1704 2897 1743 2936 V,
1776 2907 1802 2930 1.
