2078 3338
213 276 302 304 CAP.
319 265 386 322 1x.]
600 279 660 309 DE
686 273 968 309 POTESTATE
995 276 1129 309 PAPE.

211 384 381 424 hibens
419 383 527 436 plus
567 381 774 422 offendit.
826 380 929 421 Nec
969 386 1042 422 est
1078 380 1182 422 talis
1227 382 1532 423 tumorositas

214 466 328 493 vera
365 451 657 506 magnitudo,
696 451 782 490 sed
819 450 1092 491 innaturalis
1127 452 1362 491 mundana
1394 465 1533 504 aquo-

216 522 343 573 sitas,
378 534 470 575 que
501 525 741 574 repugnat
774 519 961 560 omnino
997 519 1168 560 Christi
1200 520 1390 571 vicario,
1427 521 1536 574 quia

216 591 351 632 aliter
390 597 462 631 est
500 589 886 630 mendacissimus
925 589 1260 630 Antichristus.
1315 591 1376 631 Et
1416 590 1538 631 sicut

185 661 387 702 5dicitur
418 660 644 711 Johannis
676 659 811 709 XIV,
848 662 889 699 (δὲ
922 658 1090 700 Viator
1120 660 1279 711 habet,
1314 674 1405 714 qua
1436 662 1538 702 vult

216 731 298 782 ire,
339 744 443 771 cum
477 730 690 771 Christus
725 734 798 770 est
829 730 917 778 via,
951 743 1044 783 quo
1075 730 1177 770 vult
1207 730 1290 780 ire,
1325 730 1538 772 Christus

220 807 292 842 est
323 802 493 842 veritas
516 805 563 840 et
585 798 666 840 ubi
688 800 790 840 vult
811 812 1012 850 manere,
1037 799 1251 840 Christus
1275 805 1348 841 est
1371 800 1539 842 cursiV.

222 870 445 920 Quamvis
479 875 633 910 autem
663 869 711 910 in
745 868 819 909 via
850 882 946 909 non
978 875 1088 910 sunt
1119 869 1302 920 insidie,
1343 884 1446 911 cum
1479 871 1539 911 sit

221 940 447 990 Christus,
486 945 641 980 tamen
679 939 811 979 iuxta
841 939 963 979 illam
997 944 1106 979 sunt
1143 941 1286 980 multa
1317 940 1538 993 pericula,

167 1011 350 1051 1oiuxta
381 1010 498 1050 illud
529 1009 703 1050 Psalmi
727 1009 1013 1059 CXXXIX,
1047 1013 1090 1049 6:
1124 1010 1257 1050 quta
1289 1012 1375 1051 iter
1404 1023 1538 1051 scan-

221 1082 381 1121 dalum
398 1083 651 1134 posuerunt
678 1080 826 1121 michi.
859 1079 945 1119 Vis
970 1092 1137 1119 secure
1161 1080 1398 1129 incedere,
1429 1085 1540 1121 tene

222 1155 269 1190 te
313 1150 357 1190 in
404 1149 479 1190 via
522 1148 656 1202 regia
701 1154 749 1189 et
792 1148 980 1189 omnino
1021 1149 1190 1190 desere
1228 1150 1450 1190 mundum
1489 1163 1542 1190 ac

224 1219 323 1260 eius
347 1219 555 1273 gloriam,
580 1218 688 1273 quia
712 1220 842 1273 aliter
865 1232 915 1259 es
937 1219 1131 1260 indubie
1153 1219 1472 1260 Antichristus
1497 1225 1545 1260 et

224 1303 319 1330 non
352 1290 410 1330 de
435 1289 607 1330 Christi
637 1289 818 1331 ovibus.
853 1288 1066 1330 Christus
1100 1289 1222 1329 enim
1255 1303 1347 1330 non
1381 1294 1545 1343 potest

173 1361 483 1414 15superbum
516 1360 655 1400 talem
689 1360 747 1400 ad
779 1373 830 1400 se
862 1360 1062 1410 trahere,
1096 1373 1200 1400 cum
1234 1365 1427 1414 oportet
1460 1373 1543 1399 ex-

226 1429 501 1471 altacionem
533 1430 592 1470 ad
612 1430 767 1470 Deum
800 1443 886 1483 per
906 1429 1214 1471 humilitatem
1236 1430 1515 1483 procedere.
1538 1427 1541 1485 Ι

106 1502 188 1535 212‘¹
226 1500 343 1541 Ideo
377 1500 825 1553 quomodocumque
857 1500 1175 1553 pompaveris,
1210 1500 1462 1540 exaltando
1496 1505 1543 1540 te

226 1570 382 1623 ipsum
415 1574 463 1610 et
495 1570 741 1624 querendo
775 1569 935 1611 mundi
966 1569 1176 1622 gloriam,
1215 1570 1292 1610 ille
1332 1569 1411 1623 qui
1443 1583 1545 1609 sen-

226 1640 464 1692 tenciavit,
514 1641 643 1694 quod
665 1642 741 1693 qm'
772 1653 818 1681 se
850 1641 1014 1681 exaltat
1044 1641 1377 1693 humiliabitur,
1411 1644 1449 1681 et
1471 1641 1547 1693 qni

171 1723 271 1751 2036
301 1712 513 1751 humiliat
557 1711 845 1763 exaltabitur,
882 1723 974 1750 non
1009 1715 1173 1763 potest
1205 1716 1384 1751 mutare
1418 1723 1546 1750 suam

227 1780 531 1831 sentenciam,
565 1780 677 1833 quin
709 1780 814 1821 talis
847 1780 908 1821 sit
935 1779 1084 1833 magis
1109 1780 1287 1821 alienus
1311 1794 1335 1820 a
1359 1779 1545 1821 Christo

229 1857 278 1891 et
308 1864 395 1904 per
427 1863 729 1904 consequens
763 1849 1099 1892 Antichristus.

287 1920 522 1973 Quantum
561 1920 620 1961 ad
656 1920 855 1961 tercium
888 1920 1070 1961 scilicet
1100 1921 1199 1962 vite
1239 1920 1546 1971 sanctitatem,

228 1996 362 2044 patet
394 1991 521 2044 quod
550 2004 750 2031 necesse
775 1996 849 2031 est
870 1991 1151 2044 gloriantem
1175 1991 1242 2031 sic
1263 1991 1311 2031 in
1332 1990 1548 2031 laudibus

173 2063 212 2095 25
229 2061 469 2102 hominum
523 2060 826 2101 considerare
885 2074 936 2101 se
996 2060 1195 2102 sollicite
1246 2060 1293 2101 in
1351 2061 1546 2114 speculo

229 2131 579 2185 scripturarum.
627 2130 910 2172 Consideret
945 2131 1089 2185 igitur
1122 2145 1246 2185 papa
1279 2136 1326 2172 et
1355 2131 1550 2184 impleat

231 2214 286 2241 ea
330 2214 422 2254 que
467 2201 690 2254 exposita
734 2206 842 2242 sunt
887 2202 945 2241 de
989 2201 1150 2251 Petro,
1210 2207 1257 2242 et
1299 2206 1410 2242 tunc
1454 2213 1549 2240 non

232 2270 545 2311 delectabitur
581 2270 628 2310 in
666 2271 804 2311 laude
841 2271 1080 2311 hominum
1118 2285 1208 2312 nec
1240 2271 1287 2311 in
1319 2271 1550 2311 mundana

232 2340 394 2393 gloria,
434 2341 519 2381 sed
555 2340 603 2380 in
642 2354 729 2394 spe
761 2340 930 2394 premii
963 2340 1231 2381 absconditi
1267 2340 1314 2381 in
1348 2340 1549 2390 Christo,

176 2413 217 2445 30
234 2416 281 2451 et
312 2410 379 2450 sic
410 2423 498 2450 non
531 2410 688 2461 video,
730 2410 842 2463 quin
874 2409 1099 2451 affectans
1131 2412 1353 2452 humanas
1387 2410 1550 2450 laudes

236 2486 283 2521 et
296 2479 490 2534 gloriam
514 2485 714 2533 propter
728 2480 825 2521 vite
848 2480 1144 2522 sanctitatem
1167 2481 1226 2521 sit
1242 2480 1550 2521 detestandus

235 2550 451 2605 ypocrita
483 2555 530 2591 et
561 2550 849 2591 mendaciter
882 2551 1142 2592 contrarius
1182 2550 1274 2591 sibi
1303 2550 1409 2604 ipsi,
1446 2563 1548 2589 nam

304 2733 332 2762 5.
355 2732 453 2762 Codd.
475 2733 505 2761 in
528 2741 641 2768 marga:
670 2733 774 2761 Viator
794 2734 935 2761 attendat
953 2732 1116 2761 Christum.
1194 2742 1235 2761 10.
1259 2733 1360 2761 Codd.
1380 2733 1411 2762 in
1433 2741 1550 2768 marg-2

233 2779 447 2808 Antichristus.
559 2787 601 2815 17.
628 2778 726 2807 Codd.
754 2780 785 2807 in
813 2787 928 2816 marg.:
969 2779 1109 2808 Gloriam
1131 2779 1260 2816 sugere
1284 2778 1400 2813 (Cod.:
1424 2781 1552 2816 sugere)

233 2826 320 2854 debet
333 2826 485 2861 prelatus.

302 2909 334 2944 6.
359 2909 478 2943 Matth.
505 2910 624 2953 XXIII,
658 2920 707 2941 12.

1744 275 1822 313 207

1594 882 1662 910 The
1685 882 1785 916 proud

1589 923 1701 945 cannot
1721 918 1801 945 walk

1596 953 1626 979 in
1648 953 1698 979 the
1718 960 1786 988 way

1556 987 1656 1015 which
1677 988 1702 1015 is
1719 987 1821 1016 Christ

1580 1943 1638 1971 We
1659 1946 1742 1970 must
1761 1945 1814 1970 not

1592 1978 1682 2005 claim
1705 1978 1806 2013 praise

1607 2013 1641 2040 of
1659 2021 1728 2040 meu
1749 2013 1797 2040 for

1632 2048 1780 2075 holiness.
