2078 3338
197 244 286 273 CAP-
312 233 381 291 111.]
594 247 653 279 DE
680 245 960 279 POTEsTATE
986 246 1115 279 PAPE.
1748 241 1795 278 61

195 353 401 392 iuventus
430 351 599 391 similis
628 352 708 391 illi.
759 350 820 391 Et
852 350 919 391 sic
952 350 1151 404 quilibet
1187 350 1407 392 humilior
1440 358 1512 393 est

197 420 497 474 caritativior,
532 425 580 460 et
611 420 677 460 sic
723 420 782 460 de
822 420 921 460 aliis
954 420 1227 467 virtutibus:
1268 426 1316 461 et
1355 422 1514 475 quoad

197 491 394 544 aliquam
417 504 572 530 earum
605 490 921 531 eminenciam.
950 489 1153 531 Videtur
1174 496 1329 531 tamen
1351 491 1514 544 Augu-

197 561 371 602 stinum
411 573 555 614 super
590 560 693 611 Joh.
728 559 956 600 Omeliam
989 559 1203 601 CXXIV
1236 560 1516 602 difficultare

165 631 332 671 5istam
374 629 613 670 materiam
656 629 704 670 in
734 631 839 681 hoc,
886 630 1014 683 quod
1044 630 1393 684 inpertinenter
1423 636 1516 671 tam

198 701 366 740 crebro
401 699 581 739 diceret
611 699 850 750 Johannes
884 700 942 739 de
981 712 1033 739 se
1058 699 1165 753 ipso
1199 701 1329 753 quod
1361 699 1517 754 ipsum

198 769 425 823 diligebat
438 768 620 821 Ihesus,
643 768 732 809 nisi
755 782 859 809 eum
881 768 1003 809 ultra
1024 769 1141 810 alios
1163 766 1518 823 preeminenter

81 849 160 894 175·¹
199 838 431 892 diligeret.
472 838 534 879 Et
574 844 753 879 certum
781 840 785 891 Ι
816 845 890 880 est
927 839 1056 893 quod
1085 839 1519 893 proporcionaliter

197 913 250 949 ut
269 909 404 949 Deus
437 908 686 962 quicquam
718 908 849 962 prius
880 908 1033 962 diligit
1065 913 1139 949 est
1168 910 1321 962 ipsum
1355 910 1519 950 melius

146 982 237 1022 met
274 991 295 1018 e
331 981 501 1026 contra,
547 982 595 1017 et
639 990 701 1017 ex
745 977 834 1017 alio
878 978 1026 1019 latere
1071 978 1261 1018 videtur
1306 979 1435 1032 quod
1478 979 1520 1019 si

197 1048 360 1088 Petrus
391 1048 498 1100 plus
537 1047 689 1098 diligit
725 1047 907 1088 Ilzesum
945 1060 1082 1088 suum
1121 1051 1184 1088 est
1215 1049 1310 1101 ipse
1341 1048 1517 1099 melior,

199 1120 238 1158 et
262 1130 350 1170 per
381 1129 650 1170 consequens
675 1117 785 1169 plus
815 1120 1016 1158 amatur.

257 1186 311 1226 In
361 1186 451 1226 ista
500 1185 693 1226 materia
736 1185 926 1227 videtur
970 1192 1183 1228 sanctum
1235 1186 1303 1227 sic
1349 1186 1519 1240 dicere,
1535 1198 1621 1225 Peter
1637 1202 1810 1233 represents

199 1256 327 1309 quod
341 1255 420 1296 isti
435 1256 527 1296 duo
545 1255 750 1309 apostoli
768 1255 957 1310 signant
980 1258 1093 1296 duas
1115 1262 1278 1310 partes
1303 1256 1519 1309 ecclesie,
1541 1233 1802 1301 ἑιέειιῗὲῑὲὶῗιιῗέιῗ

146 1326 370 1371 15Petrus
437 1325 636 1366 activam
697 1331 744 1366 et
793 1325 1036 1376 Johannes
1095 1326 1519 1380 contemplativam,
1552 1302 1798 1373 coriffeiffipigiive.

200 1409 393 1449 quarum
434 1394 582 1448 prima
624 1395 907 1448 imperfecta
953 1395 1112 1436 finitur
1154 1396 1202 1437 in
1233 1396 1321 1450 via,
1367 1402 1415 1437 et
1452 1409 1520 1436 se-

201 1466 351 1506 cunda
381 1465 648 1518 perfeccior
681 1471 984 1506 consumatur
1014 1465 1061 1506 in
1094 1466 1258 1520 patria,
1294 1471 1342 1506 et
1374 1465 1442 1506 sic
1464 1466 1522 1506 ad

200 1548 389 1575 sensum
405 1534 717 1588 anagogicum
728 1534 940 1576 Christus
962 1536 1070 1589 plus
1087 1535 1240 1589 diligit
1260 1536 1522 1587 Johannem

202 1606 309 1646 dum
341 1605 447 1658 plus
481 1610 602 1645 amat
633 1604 776 1645 vitam
807 1604 855 1645 in
886 1605 1048 1658 patria,
1088 1607 1175 1646 sed
1208 1605 1382 1646 Petrus
1413 1606 1521 1659 plus

144 1696 187 1719 20
202 1680 322 1716 amat
345 1674 591 1721 Christum,
627 1675 735 1728 quia
761 1674 1017 1716 senciendo
1049 1675 1282 1717 miseriam
1313 1681 1523 1716 nostram

200 1746 308 1799 plus
332 1744 568 1799 diligimus
585 1744 678 1784 Dei
697 1744 1079 1797 misericordiam,
1102 1745 1351 1786 veritatem
1366 1750 1522 1786 autem

203 1813 638 1868 contemplacionis,
685 1814 791 1867 quia
847 1815 1056 1855 nondum
1114 1821 1312 1869 apparet
1368 1815 1520 1868 nobis,

201 1884 352 1925 minus
398 1883 648 1937 diligimus,
699 1883 761 1924 Et
806 1885 863 1924 ad
906 1884 1047 1925 istum
1086 1898 1276 1925 sensum
1309 1884 1522 1925 Christus

201 1955 309 2007 plus
343 1953 517 1994 amavit
546 1953 819 2005 Johannem‚
857 1955 965 2008 quia
984 1955 1151 2004 minus,
1182 1954 1335 2007 inquit
1349 1955 1521 2008 Augu-

146 2033 186 2066 25
204 2023 368 2071 stinus,
403 2027 532 2064 amat
574 2036 658 2064 uos
692 2022 898 2066 Christus
939 2024 1134 2065 miseros
1177 2036 1317 2077 quam
1364 2025 1522 2077 beatos,

204 2093 291 2134 sed
323 2107 461 2147 quam
491 2106 740 2147 personam
785 2093 844 2133 de
876 2092 966 2134 illis
998 2094 1106 2147 plus
1140 2093 1293 2147 diligit
1335 2093 1383 2134 in
1417 2094 1520 2134 celo

203 2176 298 2203 non
322 2162 590 2205 innotescit.
620 2163 695 2203 'Ex
716 2163 809 2203 isto
834 2163 961 2203 dicto
985 2163 1174 2204 videtur
1204 2169 1361 2204 tamen
1393 2164 1523 2216 quod

201 2232 250 2273 in
280 2232 377 2274 vita
420 2232 573 2273 activa
615 2234 722 2286 plus
767 2232 938 2273 amoris
972 2232 1145 2274 Christi
1175 2233 1416 2287 presbiter
1445 2233 1522 2273 hic

202 2301 381 2343 indicat
422 2301 470 2342 in
515 2301 700 2353 effectu,
746 2307 793 2342 et
837 2302 904 2342 sic
936 2303 1070 2343 Deus
1110 2302 1382 2343 eternaliter
1414 2302 1522 2356 plus

148 2382 190 2415 30
206 2378 325 2413 amat
365 2373 624 2412 membrum
668 2385 802 2412 suum
835 2385 941 2412 esse
972 2371 1019 2412 in
1051 2372 1348 2414 beatitudine
1385 2386 1522 2426 quam

203 2442 251 2483 in
282 2442 375 2490 via;
421 2448 469 2483 et
511 2448 670 2483 tamen
715 2441 944 2495 quidquid
987 2442 1213 2483 amaverit
1252 2442 1523 2483 eternaliter

206 2525 328 2565 eque
373 2517 512 2564 amat3
557 2518 605 2552 et
648 2512 714 2552 sic
758 2525 853 2552 non
886 2517 958 2552 est
989 2517 1204 2553 nostrum
1235 2512 1377 2553 modo
1411 2525 1522 2565 cog-

205 2594 405 2623 noscere
427 2587 581 2622 utrum
602 2582 736 2622 Deus
759 2580 1035 2635 simpliciter
1056 2583 1164 2636 plus
1188 2587 1308 2623 amat
1329 2581 1523 2623 Petrum

277 2776 305 2805 3.
327 2777 365 2804 B:
387 2785 501 2805 eorum.

275 2882 309 2913 4.
335 2872 371 2903 In
395 2871 473 2904 Joh.
498 2873 631 2915 Evang.
659 2873 751 2915 Opp.
777 2879 859 2905 tom.
887 2873 940 2916 ΙΙΙ,
970 2883 998 2914 2,
1024 2872 1103 2904 820.
