2078 3338
202 268 282 305 218
922 273 1146 305 JOHANNIS
1173 272 1358 305 WYCLIF
1629 258 1735 316 [CAP.
1749 269 1802 296 ix.

489 380 650 433 plures
674 392 809 432 quam
842 383 951 418 sunt
973 377 1188 418 catholici
1218 390 1278 418 ex
1300 381 1435 430 parte
1459 375 1629 416 Christi
1651 376 1806 416 forent

488 449 717 498 infideles,
746 449 750 500 Ι
781 447 888 500 quia
918 446 1119 486 heretici
1147 452 1194 486 et
1214 446 1403 486 realiter
1425 444 1693 486 antichristi.
1727 442 1806 485 Sic

492 524 643 559 autem
665 518 922 570 loquuntur
943 521 1013 556 tot
1034 516 1183 556 sancti
1197 516 1419 556 doctores
1444 516 1501 555 de
1524 513 1805 555 antichristis

492 595 539 628 et
569 586 791 627 hereticis
825 600 928 626 cum
959 586 1066 639 lege
1101 585 1303 626 ecclesie
1334 590 1380 625 et
1403 584 1643 637 scriptura.
1676 582 1805 623 Alias

491 662 644 697 autem
678 655 1056 709 significaciones
1080 654 1309 695 somniant
1330 660 1381 695 ut
1400 653 1600 694 heretici
1627 659 1673 693 et
1697 652 1805 692 anti-
1824 658 1841 690 5

492 726 653 767 christi
685 724 962 766 absconsius
997 724 1291 764 delitescant.

229 794 452 822 Obedissnoeiss
547 795 717 836 Tercio
757 794 1010 834 notandum
1061 794 1190 846 quod
1227 806 1387 833 omnes
1431 793 1566 846 leges
1606 804 1698 845 que
1744 791 1806 830 lo-

210 834 264 857 not
284 830 342 856 due
362 833 392 856 to
414 829 463 856 the

201 864 319 892 Roman
341 863 465 891 C¹¹¹¹FC¹¹
491 870 664 919 quntur
703 866 761 904 de
801 868 979 917 papatu
1013 868 1059 903 et
1091 862 1371 903 obediencia
1402 862 1559 902 fienda
1591 861 1807 901 Romane

207 900 465 996 ΠἾᾞΞΞΞῙΞΞΞΠῙ)
491 934 692 975 ecclesie
749 932 1146 986 subintelligende
1208 938 1316 972 sunt
1366 945 1468 972 cum
1515 930 1806 979 condicione,

491 1005 620 1058 quod
650 1004 727 1043 illa
759 1002 960 1043 ecclesia
992 1002 1423 1055 correspondenter
1455 1001 1512 1041 ad
1533 1013 1706 1040 nomen
1730 1012 1805 1039 ex-

492 1073 717 1114 cellencie
740 1072 786 1112 in
810 1071 1067 1112 ministerio
1092 1071 1231 1111 faciat
1252 1083 1622 1124 recompensam.
1656 1068 1809 1109 Aliter

492 1143 613 1183 enim
658 1145 826 1184 beatus
859 1141 1031 1181 Petrus
1076 1154 1170 1180 non
1214 1140 1340 1181 foret
1373 1140 1645 1194 capitaneus
1686 1138 1809 1178 inter

491 1212 750 1266 apostolos,
803 1216 855 1251 ut
885 1216 1019 1264 patet
1064 1224 1124 1250 ex
1169 1210 1326 1261 dictis;
1374 1215 1422 1250 et
1466 1209 1597 1250 aliter
1641 1210 1808 1248 beatus

491 1283 777 1335 Jeronymus
818 1279 1126 1321 distinccione
1161 1280 1249 1320 XL
1290 1281 1490 1333 allegata
1530 1292 1633 1319 curn
1666 1277 1808 1318 archi-

492 1351 690 1393 diacono
716 1351 1065 1391 contradiceret
1088 1350 1177 1390 sibi
1199 1350 1304 1403 ipsi.
1339 1363 1442 1390 cum
1467 1348 1599 1389 aliter
1619 1347 1808 1388 racione
1851 1354 1865 1385 5

491 1421 584 1462 loci
618 1427 665 1462 et
696 1421 808 1462 nudi
830 1420 1031 1461 nominis
1055 1420 1452 1461 consenciendum
1486 1418 1610 1459 foret
1630 1418 1676 1458 in
1700 1430 1809 1457 casu

491 1491 700 1545 pessimo
734 1490 1015 1532 antichristo.
1049 1489 1183 1531 Sicut
1211 1489 1332 1529 enim
1355 1488 1487 1529 Deus
1520 1501 1616 1528 non
1647 1492 1810 1540 potest

492 1561 648 1601 facere
693 1560 928 1601 hominem
975 1561 1130 1600 album
1175 1559 1275 1599 sine
1325 1558 1556 1607 albedine,
1602 1557 1669 1597 sic
1716 1569 1810 1596 non

492 1636 655 1684 potest
705 1630 940 1670 hominem
993 1629 1149 1670 facere
1202 1642 1371 1682 papam
1423 1628 1503 1668 vel
1554 1628 1811 1667 membrum

495 1700 694 1740 ecclesie
745 1700 845 1740 sine
884 1699 1074 1740 inducta
1113 1698 1273 1739 debita
1312 1698 1548 1751 qualitate
1589 1697 1649 1736 aci
1683 1696 1844 1749 quod„

493 1772 626 1810 locus
671 1770 748 1809 vel
793 1769 970 1809 eleccio
1015 1770 1215 1809 humana
1248 1774 1319 1808 est
1358 1766 1678 1820 impertinens,
1722 1764 1812 1804 nisi

497 1841 555 1879 de
590 1845 765 1893 quanto
800 1844 1118 1879 consentanea
1157 1843 1229 1878 est
1268 1837 1474 1878 dominio
1511 1836 1666 1889 ipsum
1698 1847 1811 1874 vere

495 1909 746 1949 notificans
790 1909 986 1961 populo.
1033 1908 1161 1961 quod
1193 1907 1230 1948 si
1261 1907 1378 1947 false
1411 1906 1694 1959 promulgat.
1739 1910 1812 1944 est

497 1992 627 2019 error
658 1979 704 2018 in
736 1978 897 2019 ianuis.

277 2046 408 2107 ¹g¹f¹ffit¹³j
553 2049 614 2088 Et
658 2054 792 2101 patet
837 2048 894 2087 ad
942 2061 1081 2100 quem
1126 2059 1314 2087 sensum
1358 2047 1522 2086 valent
1571 2046 1707 2098 leges
1753 2044 1811 2083 de
1831 2050 1868 2081 25

243 2116 443 2151 ¹¹³³¹³0s¹²¹¹‘00·
497 2117 818 2159 eleccionibus
859 2123 906 2157 et
944 2117 1002 2156 de
1041 2118 1250 2157 locorum
1281 2115 1626 2169 particularium
1666 2113 1812 2166 digni-

496 2195 606 2237 tate,
651 2193 703 2227 ut
734 2187 887 2227 XXII
921 2186 1250 2227 distinccione:
1297 2185 1599 2226 Sacrosamcla-
1633 2183 1812 2224 dicitur.

499 2258 627 2311 quod
671 2257 886 2297 Romana
930 2254 1111 2297 ecclesia
1157 2269 1244 2296 uon
1298 2257 1353 2295 ab
1385 2256 1613 2308 apostolis,
1664 2255 1743 2295 sed
1786 2266 1812 2292 (l

498 2328 693 2367 Domino
722 2328 983 2379 primatum
1017 2325 1214 2372 oblinnit,
1248 2329 1286 2365 el
1311 2328 1415 2379 post
1445 2323 1575 2365 illam
1601 2324 1811 2377 primam

497 2398 645 2437 sedem
668 2397 866 2436 secunda
887 2397 1013 2436 sedes
1035 2399 1097 2436 est
1118 2396 1245 2448 apud
1266 2395 1611 2443 Alexandriam,
1639 2406 1665 2433 a
1690 2395 1812 2433 healf>
1830 2399 1846 2431 ‘3

499 2467 661 2507 Marco
705 2469 743 2506 εἰ
787 2466 1062 2518 evangelista.
1107 2465 1230 2505 Petri
1271 2465 1491 2518 discipulo
1542 2466 1813 2513 consecrata,

498 2537 639 2578 tercia
660 2537 786 2577 sedes
807 2539 869 2576 est
899 2537 1025 2588 apud
1046 2534 1373 2585 Autlzz'ochicmz,
1405 2535 1480 2574 uhi
1505 2533 1665 2574 Petrus
1686 2536 1812 2573 ante-

570 2726 596 2754 7.
626 2719 726 2747 Codd.
753 2719 783 2746 in
812 2726 926 2754 marg:
956 2717 1145 2746 obediencia
1172 2718 1296 2745 ecclesie
1321 2717 1467 2745 Romane.
1541 2725 1569 2752 ς).
1598 2717 1635 2743 B:
1665 2717 1718 2743 sub
1745 2723 1815 2743 con-

499 2764 630 2792 dicione.
715 2773 760 2800 27.
790 2765 889 2792 codd.
920 2765 948 2792 in
979 2773 1093 2799 mal-gt
1123 2764 1225 2792 Sedes·
1246 2766 1382 2799 quatuor
1410 2763 1558 2797 Romana,
1590 2762 1815 2797 Alexandrina,

501 2812 700 2844 Αηίὴῐοεεηα,
723 2811 1079 2847 Constantinopolilczna.

573 2906 627 2938 27.
653 2895 736 2937 Cap.
764 2895 802 2926 Π.
