2078 3338
209 253 296 281 CAP.
325 247 408 298 XII-l
607 261 665 292 DE
693 261 974 294 POTEsTATE
1002 262 1131 294 PAPE.
1735 270 1815 308 335

209 369 257 404 et
300 365 498 404 docetur
543 366 780 418 quomodo
825 366 1267 419 pseudopontifices
1318 367 1364 407 in
1416 369 1527 422 lege

207 433 365 487 gracie
389 441 678 487 exsuperant
706 435 886 475 malicia
907 435 1160 489 pontifices
1184 436 1362 478 veteris
1387 442 1528 478 testa-

87 518 169 556 244⁰
207 503 364 543 menti.
395 505 399 555 Ι
428 503 500 544 Illi
538 504 660 544 enim
702 510 916 545 emerunt
947 518 1112 558 agrum
1146 519 1250 546 cum
1283 507 1408 548 dicta
1438 521 1525 561 pe-

208 572 344 613 cunia
365 574 625 614 secundum
645 574 925 628 religionem
939 575 1101 615 fictam
1123 577 1182 616 ad
1198 576 1527 629 sepeliendum

175 648 478 695 5extraneos‚
532 643 639 697 quia
682 643 895 697 precium
940 644 1182 698 sanguinis
1227 645 1339 687 licet
1392 646 1529 687 effusi

206 713 334 754 licite
367 714 696 754 exhorrebant.
729 713 826 755 Sed
856 714 1025 755 dicitur
1055 721 1246 756 nostros
1277 716 1529 770 pontifices

208 783 393 824 mittere
424 783 471 823 in
505 785 760 825 corbonam
792 784 1004 837 precium
1044 784 1249 836 seminis,
1289 787 1418 840 quod
1458 792 1531 828 est

207 853 484 907 preciosius,
534 859 581 894 et
627 853 827 894 effusum
872 853 1010 894 vilius
1057 868 1108 895 ac
1143 855 1438 910 culpabilius,
1482 856 1530 897 in

209 937 300 977 quo
337 923 559 964 videntur
603 937 828 977 superare
874 924 1095 978 cupidine
1139 930 1331 966 veteres
1378 940 1530 967 sacer-

155 995 360 1036 10d0tes.
416 994 518 1034 Nec
558 994 751 1035 dubium
797 994 909 1048 quin
960 995 1233 1049 symoniace
1272 997 1528 1038 vendendo

208 1064 478 1118 spiritualia,
513 1070 561 1105 et
593 1063 660 1104 sic
684 1064 933 1115 Christum,
966 1065 1116 1106 nostri
1143 1065 1394 1119 pontifices
1417 1080 1529 1120 pec-

209 1139 371 1175 carent
402 1134 592 1188 gravius
646 1135 861 1188 precium
904 1135 1218 1189 inbursantes,
1272 1142 1320 1177 et
1363 1136 1430 1177 sic
1469 1136 1532 1190 (ni

207 1204 358 1257 fallor)
404 1205 667 1245 dominacio
710 1205 934 1245 secularis
979 1205 1026 1245 in
1070 1206 1245 1246 nostris
1291 1206 1529 1260 episcopis

208 1288 303 1315 non
334 1275 607 1316 fundabitur
638 1275 685 1315 in
707 1276 816 1329 lege
838 1288 964 1315 nova
985 1276 1063 1316 vel
1085 1276 1251 1325 veteri,
1284 1276 1374 1317 nisi
1405 1276 1529 1318 forte
1574 1288 1641 1316 ουτ
1662 1289 1792 1327 bishops

155 1354 191 1386 15
207 1345 256 1385 in
278 1344 509 1398 Scarioth,
542 1345 727 1386 Anania
749 1351 796 1386 et
818 1345 1027 1399 Zaphira‚
1063 1346 1121 1386 de
1150 1346 1321 1399 quibus
1344 1346 1449 1387 Act.
1473 1346 1530 1398 V;
1576 1324 1785 1398 {ssfflsscggegss

209 1415 296 1456 sed
340 1429 502 1456 omnes
545 1415 609 1456 hii
652 1422 750 1456 tres
797 1415 971 1456 exinde
1012 1415 1170 1457 divino
1209 1415 1381 1456 iudicio
1422 1422 1531 1457 sunt
1613 1394 1753 1468 ἷὲἓῗῗῑοῗῒ,

209 1485 364 1527 occisi.
399 1485 540 1539 Quod
563 1491 717 1527 autem
739 1485 948 1527 vindicta
979 1500 1104 1526 nunc
1135 1499 1231 1526 non
1266 1486 1447 1540 capitur
1470 1487 1529 1527 de
1571 1463 1792 1534 Aggffilshfffd

207 1555 396 1606 nostris,
441 1561 493 1596 ut
534 1555 581 1595 in
625 1555 862 1609 primitiva
894 1556 1096 1596 ecclesia
1135 1556 1195 1596 de
1225 1556 1377 1597 minus
1409 1571 1527 1611 pec-

210 1625 440 1679 cantibus,
479 1631 645 1666 nostre
679 1626 818 1679 culpe
854 1631 900 1666 et
940 1625 1077 1680 signo
1109 1626 1297 1667 maioris
1330 1627 1533 1681 periculi

153 1709 462 1750 20possumus
505 1695 760 1749 imputare;
807 1696 941 1737 Deus
989 1696 1110 1737 enim
1150 1697 1437 1750 quandoque
1471 1711 1532 1737 ex

210 1779 364 1806 amore
415 1765 728 1819 predestinati
785 1765 1030 1819 peccantis
1081 1766 1205 1806 hunc
1269 1766 1424 1820 arguit
1486 1772 1533 1807 et

210 1836 423 1890 castigat,
456 1849 692 1889 quemque
725 1842 881 1877 autem
910 1849 972 1876 ex
995 1849 1150 1877 amore
1174 1837 1354 1890 populi,
1389 1850 1530 1890 quem

209 1906 311 1946 vult
343 1920 368 1947 a
394 1906 558 1947 toxico
581 1906 687 1947 talis
709 1907 891 1947 macule
913 1907 1198 1960 presel-vari,
1229 1920 1353 1947 nunc
1376 1912 1532 1947 autem

211 1976 397 2031 signum
431 1982 504 2017 est
543 1977 673 2030 quod
713 1989 774 2016 ex
805 1975 995 2030 peccati
1026 1975 1276 2030 participio
1321 1977 1534 2018 deseruit

154 2051 262 2088 25ut
295 2046 578 2100 desperatos
610 2051 704 2087 tam
735 2047 966 2100 populum
999 2059 1137 2099 quam
1168 2052 1438 2099 peccantes,
1470 2047 1532 2088 Et

209 2115 337 2157 istud
379 2116 567 2157 videtur
608 2115 747 2157 michi
799 2129 905 2156 esse
956 2122 1144 2169 tempus
1195 2116 1530 2170 periculosum,

210 2188 346 2240 quale
378 2199 473 2227 non
504 2186 592 2227 fuit
623 2199 648 2226 a
678 2186 840 2227 mundi
875 2185 1017 2227 inicio
1059 2199 1084 2226 a
1117 2186 1305 2227 Christo
1346 2193 1394 2228 et
1426 2201 1530 2241 apo-

210 2258 334 2297 stolo
391 2257 735 2311 prophetatum.
799 2256 897 2297 Vix
943 2256 1067 2297 enim
1117 2257 1334 2299 invenies
1389 2272 1532 2299 unum

209 2327 528 2381 presbiterum
559 2328 639 2368 vel
681 2332 929 2381 potentem
968 2328 1168 2382 laycum,
1218 2328 1298 2381 qui
1341 2342 1433 2369 non
1471 2328 1532 2368 sit

154 2406 195 2438 30
208 2397 417 2439 irretitus
451 2411 597 2451 opere
628 2398 706 2438 vel
740 2411 978 2438 consensu
1013 2398 1351 2451 episcoporum
1375 2411 1528 2452 symo—

208 2467 313 2508 nica
343 2468 500 2509 heresi
531 2468 639 2521 plus
671 2468 750 2508 Vel
781 2467 944 2509 minus.
997 2468 1058 2509 Et
1089 2473 1223 2521 patet
1256 2482 1394 2522 quam
1424 2469 1530 2508 hor-

208 2537 354 2578 renda
406 2542 480 2578 est
531 2537 745 2578 desercio
797 2537 1062 2578 securitatis
1123 2537 1236 2578 cleri
1287 2538 1346 2578 de
1399 2543 1530 2579 sorte

209 2607 403 2648 Domini
419 2613 466 2648 et
497 2608 767 2661 preeleccio
793 2607 1059 2649 securitatis
1082 2608 1330 2659 mundane⁷
1362 2608 1410 2647 in
1442 2620 1533 2660 qua

209 2678 410 2718 mundus
461 2677 692 2718 blasfeme
738 2677 846 2718 Deo
899 2677 1194 2732 preponitur.
1252 2677 1354 2718 Nec
1403 2678 1533 2718 valet

281 2870 308 2898 7.
331 2863 368 2891 B:
390 2863 570 2890 car-hanam.
646 2870 695 2889 20.
717 2861 818 2889 Codd.
840 2861 871 2888 in
893 2869 1008 2895 marg:
1037 2860 1128 2888 Punil
1147 2861 1228 2888 Deus
1249 2861 1346 2889 varie.
1420 2861 1468 2889 26.
1491 2861 1529 2889 B:

211 2917 275 2936 esse
294 2910 388 2936 deest.
