2078 3338
242 247 324 295 376

965 252 1188 284 JOHANle
1215 252 1401 283 WYCMF
1652 239 1756 296 [CAR
1784 250 1847 278 ΧΠ.

533 361 572 398 et
613 359 662 398 in
706 358 890 397 veritate
926 358 1183 397 solidantur
1215 358 1525 409 gubernacula
1557 358 1850 409 popnlornm.

532 427 723 468 Insticia
744 439 848 467 vero
879 427 1002 479 regis
1034 430 1095 467 est
1127 427 1354 466 neminem
1386 427 1550 466 ininste
1576 438 1662 478 per
1687 429 1847 478 poten-

531 498 653 538 ciam
685 497 959 549 opprimere,
992 497 1088 537 sine
1113 508 1425 548 personarum
1454 496 1713 548 accepcione
1734 496 1851 535 inter

530 567 685 607 virnm
723 569 762 606 et
787 566 1055 618 proximum
1085 577 1222 605 snnm
1253 566 1365 605 inste
1398 566 1616 615 indicare,
1654 566 1850 616 advenis,

526 636 721 688 pnpillis
751 639 790 675 et
825 635 977 675 vidnis
1011 634 1294 686 defensorem
1333 647 1438 686 esse,
1477 635 1672 674 cohihere
1697 634 1882 684 fiirta,5

534 706 766 746 adulteria
794 705 975 756 pnnire,
1011 705 1190 756 iniqnos
1226 716 1315 744 non
1349 705 1558 753 exaltare,
1595 704 1852 756 impudicos

532 778 570 814 et
600 774 840 814 histriones
866 785 954 813 non
985 774 1175 825 nntrire,
1208 774 1379 825 impios
1409 774 1463 813 de
1494 775 1620 812 terra
1645 773 1851 824 perdere,

526 844 789 897 patricidas
811 846 850 883 et
865 855 1011 895 prave
1032 843 1224 883 viventes
1245 843 1392 883 vivere
1413 854 1503 882 non
1523 842 1684 891 sinere,
1717 843 1851 881 eccle-

531 915 628 954 sias
666 912 919 965 defendere,
958 924 1189 964 panperes
1233 912 1491 952 elemosinis
1534 913 1668 961 alere,
1712 912 1855 951 instos

532 995 671 1036 snper
701 982 833 1034 regni
863 982 1050 1034 negocia
1082 982 1358 1032 constituere,
1396 993 1523 1021 senes
1559 981 1785 1033 sapientes
1817 983 1855 1020 et
1875 992 1912 1015 10

532 1052 707 1093 sobrios
737 1051 1024 1091 consiliarios
1055 1051 1229 1103 habere,
1262 1058 1525 1102 magor-nm,
1558 1050 1852 1100 ariolornmst

529 1122 894 1175 phitonissarnm
916 1121 1317 1173 snpersticionihns
1338 1133 1426 1160 non
1449 1120 1723 1168 contendere,
1753 1120 1852 1160 ira-
1895 1123 1974 1164 254⁰

535 1192 753 1232 cundiam
786 1191 988 1244 differre,
1021 1191 1234 1243 patriani
1261 1189 1454 1242 fortiter
1484 1193 1523 1230 et
1553 1190 1668 1229 inste
1698 1192 1856 1229 contra

536 1262 830 1301 adversarios
861 1260 1111 1312 defendere,
1140 1272 1221 1311 per
1234 1260 1393 1300 onznia
1425 1260 1471 1298 in
1493 1258 1586 1299 Deo
1619 1259 1854 1310 confidere,

530 1331 912 1384 prosperitatibus
935 1331 1144 1370 animam
1167 1342 1256 1369 non
1279 1331 1464 1378 elevare,
1487 1331 1648 1369 cnncta
1661 1329 1857 1368 adversa
1877 1332 1913 1363 15

531 1401 767 1452 pacienter
809 1400 1034 1449 tollerare,
1065 1399 1199 1450 filios
1241 1411 1348 1439 snos
1390 1411 1479 1438 non
1527 1398 1675 1438 sinere
1717 1398 1858 1449 impie

537 1477 685 1522 agere,
716 1469 850 1509 certis
869 1469 994 1509 horis
1025 1469 1312 1508 oracionibus
1337 1468 1556 1518 insistere,
1588 1470 1691 1506 ante
1720 1467 1858 1506 Izoras

538 1547 767 1591 congru-as
797 1550 886 1578 non
913 1541 1103 1590 gustare
1125 1538 1286 1578 cibum.
1330 1537 1385 1577 Ve
1416 1538 1536 1577 enini
1566 1540 1696 1587 terre,
1729 1537 1858 1576 cnins

538 1621 615 1649 rex
629 1620 750 1660 pner
771 1611 833 1648 est
855 1611 894 1647 et
914 1608 1043 1648 cuins
1069 1608 1303 1660 principes
1324 1619 1460 1647 mane
1481 1606 1729 1646 comedunt.
1764 1605 1859 1646 Hec

538 1678 669 1730 regni
699 1678 1052 1730 prosperitatem
1091 1678 1139 1717 in
1170 1677 1373 1729 presenti
1418 1675 1591 1717 faciunt
1629 1679 1669 1716 et
1705 1683 1917 1728 regenizo

540 1748 601 1788 ad
623 1747 799 1787 celestia
820 1754 965 1798 regna
988 1747 1180 1786 meliora
1198 1747 1466 1798 perdncnnt.
1487 1745 1549 1785 Εἰ
1570 1750 1683 1798 post
1704 1750 1860 1784 narrat

538 1815 628 1856 iste
662 1820 852 1855 sanetus
877 1815 1127 1855 duodecim
1151 1815 1469 1865 condiciones,
1504 1827 1596 1867 que
1621 1827 1682 1854 ex
1705 1827 1859 1867 oppo-

541 1886 631 1926 sito
673 1890 1046 1938 consequuntur:
1092 1885 1190 1937 Qni,
1229 1885 1394 1937 inquit,
1433 1893 1627 1937 regnum
1666 1896 1754 1924 non
1788 1896 1859 1924 se-

541 1957 739 1996 cundnm
786 1956 929 2008 legem
972 1956 1087 1995 lianc
1132 1956 1377 2008 dispensat,
1422 1955 1593 1994 multas
1635 1954 1861 1994 nimirum

542 2026 842 2067 adversitates
884 2026 932 2064 in
989 2026 1183 2078 imperio
1235 2025 1469 2064 tollerahit.
1521 2023 1696 2063 Idcirco
1742 2023 1861 2063 enim
1880 2028 1918 2059 23

536 2108 633 2148 pax
662 2108 765 2148 sepe
795 2096 1005 2147 ipsorum
1037 2096 1286 2147 rnmpitnr,
1325 2094 1600 2147 offendicula
1633 2094 1777 2133 eciam
1809 2093 1862 2132 de

544 2173 681 2217 regno
713 2166 1004 2216 suscitantur,
1044 2168 1280 2204 terrarum
1307 2163 1495 2215 fructus
1526 2163 1862 2210 diminuuntur,

541 2235 735 2276 servicia
773 2235 1056 2286 popnlornm
1088 2234 1436 2287 prepedinntnr,
1484 2232 1616 2273 mnlti
1653 2235 1691 2272 ct
1742 2232 1864 2272 varii

543 2306 720 2344 dolores
750 2304 1107 2356 prosperitatem
1140 2304 1271 2355 regni
1302 2303 1519 2354 inficiunt,
1564 2314 1782 2342 carorum
1827 2305 1865 2341 et

545 2374 792 2413 liberorum
816 2385 943 2413 mors
965 2374 1205 2413 tristiciam
1231 2372 1413 2424 confert,
1435 2372 1631 2412 hostiam
1654 2372 1865 2411 incursus
1881 2376 1923 2408 30

545 2446 583 2483 et
614 2443 878 2495 provincias
916 2443 1111 2494 midique
1149 2446 1340 2490 vastant,
1385 2443 1515 2482 bestie
1552 2444 1864 2481 armentorum

546 2516 585 2553 et
609 2525 831 2565 pecorum
865 2521 1030 2565 greges
1077 2513 1343 2563 dilacerant,
1387 2514 1628 2564 tempestas
1667 2511 1790 2551 aeris
1829 2513 1867 2550 et

545 2583 718 2634 hyemis
748 2583 931 2624 turbata
957 2595 1117 2623 rernm
1138 2582 1470 2635 fec-'miditatem
1494 2584 1531 2621 et
1553 2581 1702 2621 maris
1724 2580 1864 2620 mini-

619 2741 663 2769 15.
690 2742 828 2769 Rectius:
855 2749 958 2769 animo
986 2750 1047 2768 non
1074 2742 1200 2769 clevari.
1280 2740 1327 2768 30.
1355 2739 1459 2767 Recte:
1485 2743 1599 2766 mortes
1616 2759 1622 2766 .
1639 2760 1644 2765 .
1661 2759 1667 2766 .
1684 2739 1850 2774 conserunt

547 2790 588 2816 ib.
611 2788 728 2816 Codd.:
749 2795 866 2815 cursus.
940 2787 988 2815 33.
1012 2786 1347 2823 Codd.:fecund1'late
1366 2788 1397 2813 et
1413 2789 1518 2813 moris.

625 2882 672 2914 ¹9·
698 2871 791 2903 Eccl.
818 2871 858 2914 X⁷
892 2869 941 2904 16.
