2078 3338
274 272 352 311 ¹44
995 269 1220 302 JOHANle
1248 269 1433 301 WYCLIF
1676 259 1783 310 [CAP.
1806 266 1875 295 vn.

556 382 633 427 ego
676 387 755 415 vos
792 375 944 427 genui.
1005 373 1066 413 Et
1112 372 1210 414 Gal.
1256 372 1337 424 IV,
1382 386 1428 425 ¹9
1476 373 1720 426 signanter
1765 373 1877 414 dicit

554 444 839 497 Apostolus:
859 444 1004 495 filioli
1034 444 1125 484 mei
1146 456 1256 496 quos
1282 444 1449 484 iterum
1474 444 1708 496 parturio,
1740 444 1878 485 donec

553 514 792 565 formetur
837 512 1044 555 Christus
1086 514 1134 554 in
1176 514 1311 553 vobis.
1374 512 1489 553 Ideo
1536 512 1706 553 dicitur
1748 514 1877 566 quod

553 582 719 623 mulier
747 583 940 636 peperit
969 583 1113 623 filium
1144 584 1412 635 masculum,
1445 582 1526 636 qui
1546 583 1876 636 redempturus

556 658 628 694 est
667 667 829 694 omnes
867 658 1051 707 gentes,
1079 652 1084 707 1
1111 653 1270 693 Draco
1303 657 1459 693 autem
1498 658 1571 693 est
1593 652 1877 706 quicumque
1920 655 1998 696 196³

299 731 504 772 The—aragon
555 722 766 776 capitalis
816 723 865 763 in
907 722 1109 763 ecclesia
1139 721 1433 772 Antichristi‚
1485 722 1625 763 draco
1676 727 1876 775 propter

300 768 505 842 S¹gnssiii2fitl¹e
554 806 787 834 venenum
808 791 1047 846 ypocrisis
1065 797 1112 832 et
1126 791 1431 832 voracitatem
1451 791 1618 845 populi
1639 791 1877 845 simplicis.

310 836 494 866 Annchmst.
553 863 755 918 Magnus
800 868 955 903 autem
998 867 1201 915 propter
1244 861 1600 915 pretensionem
1643 862 1875 915 potencie,

551 932 683 972 rufus
704 937 905 986 propter
929 931 1209 973 effusionem
1232 931 1485 984 sanguinis,
1509 944 1649 985 quem
1667 931 1875 983 consilio,

553 1001 726 1042 auxilio
761 1007 809 1042 et
839 1001 1110 1056 specialiter
1141 1001 1395 1043 omissione
1420 1006 1580 1042 causat
1603 1000 1652 1041 in
1675 1002 1876 1042 ecclesia
1895 1015 1933 1035 10

554 1085 615 1112 ex
638 1085 895 1123 consensu;
929 1084 1131 1113 necesse
1156 1071 1345 1125 quidem
1369 1076 1443 1112 est
1463 1076 1516 1112 ut
1536 1070 1730 1111 veniant
1749 1072 1875 1112 bella

551 1142 675 1183 inter
705 1147 877 1196 gentes
912 1147 959 1183 et
990 1154 1139 1195 regna
1169 1155 1257 1195 pro
1290 1141 1556 1182 inordinato
1581 1154 1737 1182 amore
1763 1146 1874 1182 tem-

551 1211 791 1266 poralium,
825 1211 1014 1266 quando
1046 1212 1324 1253 sacerdotes
1357 1211 1541 1263 Christi,
1580 1212 1660 1265 qui
1698 1211 1877 1252 debent

551 1283 775 1323 mundum
835 1283 1114 1337 relinquere,
1176 1288 1286 1323 sunt
1344 1282 1546 1323 maxime
1600 1281 1873 1323 mundiales.

552 1351 751 1406 Septem
789 1352 942 1406 capita
979 1357 1089 1393 sunt
1126 1352 1407 1393 universitas
1452 1356 1758 1405 peccatorum
1795 1353 1931 1392 vel15

554 1422 915 1473 evidenciarum,
933 1423 1104 1476 quibus
1128 1423 1296 1464 suadet
1309 1436 1361 1464 se
1378 1436 1485 1464 esse
1503 1427 1645 1476 caput
1660 1422 1874 1465 ecclesie.

552 1492 613 1532 Et
627 1493 793 1533 decem
809 1506 984 1533 cornua
1003 1493 1285 1534 universitas
1305 1497 1652 1546 potentatuum,
1669 1492 1750 1546 qui
1762 1492 1874 1533 mili-

552 1567 653 1603 tant
683 1564 771 1603 sub
795 1563 972 1604 vexillo
997 1562 1134 1604 huius
1149 1563 1378 1616 principis
1394 1562 1684 1604 Antichristi.
1717 1562 1875 1603 Cauda

554 1632 653 1673 eius
676 1638 750 1673 est
782 1632 895 1673 cleri
911 1633 1232 1684 communitaS,
1267 1646 1358 1686 que
1382 1633 1602 1686 exemplo
1635 1646 1720 1674 suo
1735 1632 1875 1672 trahit

553 1703 713 1743 stellas
756 1703 802 1743 in
846 1708 1027 1753 terram,
1072 1704 1259 1756 quando
1303 1702 1432 1744 viros
1477 1702 1874 1755 contemplativos
1892 1714 1933 1735 20

551 1772 741 1824 inducit,
786 1778 837 1813 ut
881 1773 1159 1813 deserentes
1203 1773 1507 1826 splendorem
1550 1772 1775 1813 virtutum
1827 1777 1875 1813 et

552 1842 692 1883 situm
736 1843 878 1883 altum
920 1842 968 1883 in
1010 1843 1302 1884 firmamento
1343 1843 1544 1883 ecclesie
1576 1841 1875 1883 mundialiter

554 1918 907 1954 conversantur.
931 1911 1139 1966 Oportet
1159 1912 1302 1967 igitur
1325 1913 1453 1966 quod
1479 1912 1651 1954 Christi
1671 1912 1873 1954 vicarius

553 1983 614 2023 sit
655 1982 843 2023 minime
886 1982 1146 2029 mundialis,
1200 1987 1252 2022 ut
1293 1988 1430 2036 patet
1471 1982 1575 2033 Joh.
1617 1982 1777 2034 XVII,
1828 1988 1875 2023 et

553 2052 588 2094 Ι.
621 2053 723 2104 Joh.
752 2053 808 2104 V,
847 2052 955 2107 quia
992 2053 1127 2093 aliter
1163 2052 1427 2105 submergit
1464 2066 1515 2093 se
1551 2052 1597 2093 in
1635 2052 1748 2093 mari
1779 2066 1875 2093 non
1891 2056 1930 2088 25

555 2136 659 2163 cum
691 2123 836 2163 Petro
882 2123 1122 2164 ambulans
1164 2122 1369 2162 fideliter
1412 2135 1557 2176 super
1595 2135 1751 2176 aquas.
1813 2122 1875 2163 Et

552 2193 643 2234 iste
676 2193 919 2233 sentencia
951 2192 1227 2246 evangelica
1257 2193 1483 2233 movebat
1513 2193 1704 2233 beatum
1729 2193 1873 2233 Bern-

553 2262 748 2303 hardum
792 2262 913 2302 libro
959 2262 1031 2302 ΠΙ
1076 2263 1132 2302 ad
1175 2262 1455 2315 Eugenium,
1500 2262 1687 2315 quando
1734 2262 1872 2304 dixit:

554 2332 744 2373 Nullum
767 2333 846 2373 tihi
866 2344 1100 2382 vem-enum,
1122 2333 1300 2372 mallum
1317 2332 1532 2384 gladium
1554 2332 1634 2372 tihi
1645 2331 1873 2384 formido,

554 2415 694 2455 quam
724 2403 958 2443 libidinem
989 2403 1274 2443 dominandi.
1889 2405 1931 2438 30

612 2472 751 2512 Unde
795 2471 1095 2525 Augustinus
1145 2485 1364 2511 sermone
1409 2470 1534 2511 XIV
1579 2471 1655 2511 De
1698 2471 1872 2512 Verbis

555 2541 746 2582 Domini
775 2546 946 2581 notans
978 2542 1248 2582 navicellam
1268 2540 1395 2581 Petri
1415 2541 1603 2593 signare
1637 2542 1872 2582 ecclesiam

556 2615 595 2652 et
625 2625 757 2653 mare
776 2613 992 2663 seculum,
1027 2611 1154 2651 cuius
1175 2610 1346 2651 fluctus
1375 2615 1484 2652 sunt
1503 2610 1873 2664 persecuciones

554 2686 862 2735 tyrannorum
917 2680 1094 2722 inflicte
1149 2681 1382 2734 fidelibus,
1433 2681 1577 2721 docet
1633 2681 1872 2734 quomodo

627 2819 653 2848 8.
675 2819 698 2848 Β
718 2819 749 2847 in
770 2827 885 2855 marg:
905 2820 1012 2848 Draco
1031 2827 1138 2856 agnus
1156 2818 1255 2855 rufus.

629 2903 680 2937 28.
706 2903 772 2936 Ubi
799 2914 914 2946 supra.
1012 2905 1065 2937 31.
1092 2904 1184 2947 Opp.
1209 2909 1295 2937 tom.
1313 2904 1354 2944 V,
1381 2903 1541 2945 Append.
1568 2913 1602 2945 p.
1631 2903 1706 2935 132.
