2078 3338
262 271 342 309 250
984 272 1208 304 JOHANNJS
1236 273 1422 304 WYCLIF
1692 259 1799 317 [cm.
1819 271 1845 299 x

547 381 625 416 aut
644 375 925 429 reprobacio
952 377 1150 417 humana
1180 376 1242 417 sit
1269 376 1377 417 huic
1407 376 1724 430 impertinens.
1766 376 1864 418 Ista

548 445 671 486 enim
714 459 809 485 non
854 445 1184 486 auctoritative
1230 446 1523 487 constituunt
1564 446 1643 486 vel
1684 445 1863 487 faciunt

546 528 709 554 verum
753 528 937 567 papam,
991 514 1099 568 quia
1149 520 1261 555 tunc
1304 520 1627 555 recurreretur
1670 515 1728 555 ad
1769 516 1862 555 hoc

546 583 901 624 fundamentum
939 584 1064 634 fidei,
1102 589 1155 624 ut
1192 585 1316 625 salus
1356 584 1528 624 exinde
1562 597 1862 638 consequens

546 654 785 703 habeatur,
831 654 917 694 sed
960 653 1222 694 omittendo
1262 654 1340 694 vel
1381 653 1661 694 incurrimus
1703 658 1895 695 notam5

545 722 834 763 infidelitatis
867 724 946 763 vel
979 725 1318 764 subsannamus
1350 722 1486 763 istam
1516 723 1745 764 ficticiam.

605 791 827 833 Secundo
865 793 1123 845 replicatur
1158 806 1247 846 per
1285 793 1527 834 decretum
1568 793 1698 833 beati
1732 792 1861 844 Jero-

546 861 675 914 nymi
706 862 915 915 positum
937 862 1115 902 XXIV
1147 862 1457 903 distinccione
1488 862 1650 916 prima,
1682 862 1764 903 ubi
1795 862 1861 903 sic

548 930 787 972 scribitur:
827 931 924 972 Hec
954 935 1016 972 est
1035 932 1172 984 fides,
1198 945 1330 986 papa
1351 933 1621 982 beatissime,
1643 944 1782 984 quam
1813 932 1861 972 iu

264 1007 524 1069 ressitdnchrZrffegffie
548 1002 729 1041 ecclesia
751 1002 968 1042 catholica
990 1002 1240 1043 didicimus
1260 1014 1482 1054 quamque
1509 1014 1688 1054 semper
1713 1001 1860 1042 tenui-
1882 1016 1921 1038 10

263 1076 379 1103 Roman
396 1075 529 1104 Church-
547 1083 662 1121 mus,
694 1072 741 1111 in
772 1084 863 1123 qua
893 1072 935 1111 si
955 1072 1064 1123 quid
1085 1072 1240 1112 mimis
1265 1072 1411 1124 perite
1431 1074 1512 1111 aut
1535 1082 1713 1123 parum
1735 1073 1863 1111 caute

546 1141 723 1192 aliquid
753 1142 958 1194 positum
991 1144 1066 1191 est,
1111 1142 1351 1182 emendari
1387 1141 1599 1194 cupimus
1630 1153 1658 1181 a
1690 1144 1742 1192 te,
1786 1140 1863 1193 qui

545 1210 671 1250 Petri
700 1211 852 1251 sedem
883 1214 1004 1251 tenes
1035 1214 1074 1251 et
1092 1211 1253 1262 fldem.
1307 1210 1359 1252 Si
1400 1214 1552 1251 autem
1595 1211 1670 1250 hec
1705 1212 1863 1250 nostra

545 1279 763 1331 confessio
787 1282 1068 1333 apostolatus
1096 1282 1162 1321 tui
1192 1282 1361 1321 indicio
1392 1281 1727 1334 comprobatur,
1759 1279 1860 1331 qui-

546 1361 734 1401 cumque
777 1363 849 1390 me
892 1352 1080 1403 culpare
1122 1353 1325 1402 voluerit,
1377 1364 1423 1392 se
1473 1350 1739 1403 imperitum
1783 1352 1918 1389 aum

545 1420 816 1460 malivolmn
848 1422 915 1461 vel
947 1421 1092 1461 eciam
1120 1433 1209 1461 non
1231 1422 1499 1461 catholicum
1520 1421 1599 1460 sed
1617 1420 1861 1460 hereticum

546 1490 866 1541 coiizprobabit.
896 1490 956 1530 Et
981 1490 1211 1543 sequitur:
1236 1489 1407 1531 Sancta
1428 1490 1643 1530 Romana
1666 1489 1862 1538 ecclesia,

547 1570 628 1610 que
658 1571 839 1612 semper
868 1560 1172 1600 immaculata
1204 1560 1477 1612 permansit,
1522 1559 1719 1599 Domino
1757 1570 1860 1598 con-

545 1628 721 1668 cedente
765 1632 803 1669 et
846 1630 969 1670 beato
1008 1629 1140 1670 Petro
1185 1631 1386 1682 apostolo
1418 1641 1549 1681 opem
1576 1628 1769 1680 ferente,
1813 1628 1861 1667 in

544 1696 713 1748 ficturo
745 1700 944 1739 manebit
988 1700 1085 1739 sine
1115 1697 1211 1739 ulla
1241 1700 1542 1739 hereticorum
1564 1697 1861 1738 insultaciorze
1879 1709 1919 1731 20

544 1765 784 1819 firmaque
816 1771 854 1807 et
885 1768 1135 1810 immobilis
1158 1769 1371 1822 persistet
1401 1768 1528 1809 omni
1557 1771 1769 1819 tempore.

602 1835 754 1876 Multe
800 1842 910 1878 sunt
954 1843 1001 1878 et
1042 1838 1177 1891 leges
1223 1843 1270 1878 et
1314 1843 1585 1878 sanctorum
1617 1834 1861 1876 sentencie

546 1905 604 1944 de
648 1905 998 1958 preeminencie
1028 1907 1246 1948 Romane
1293 1906 1506 1947 ecclesie.
1557 1904 1656 1947 Sed
1700 1906 1759 1945 ad
1796 1904 1860 1944 in-

544 1974 855 2029 telligendum
905 1975 997 2016 ista
1048 1977 1240 2017 decreta
1282 1982 1551 2017 sanctorum
1578 1974 1583 2031 1
1613 1975 1861 2016 doctorum
1901 1977 1984 2011 223⁶1

545 2045 789 2100 theologie
834 2052 1027 2100 oportet
1070 2053 1366 2100 postponere
1410 2046 1598 2099 glossas
1635 2044 1861 2096 Johannis
1879 2049 1917 2081 25

548 2115 606 2154 de
638 2115 761 2166 Deo,
793 2116 1018 2167 Johannis
1053 2117 1259 2167 Andree,
1297 2116 1523 2167 Johannis
1555 2115 1777 2156 Monachi
1815 2120 1863 2155 et

546 2184 613 2224 eis
643 2184 870 2236 similium,
907 2186 987 2239 qui
1007 2186 1178 2239 logice,
1203 2185 1556 2238 methaphisice,
1589 2184 1860 2238 theologice

266 2281 324 2310 We
346 2288 429 2310 must
449 2288 519 2310 note
546 2260 813 2294 sanctorum
837 2254 1080 2295 sentencie
1104 2260 1214 2295 sunt
1234 2254 1395 2307 ignari.
1419 2253 1626 2307 Oportet
1641 2253 1860 2307 (inquam)

276 2317 507 2387 ,ss‘ggssz‘fffi‘g
545 2329 709 2363 notare
753 2323 886 2364 iuxta
929 2324 1054 2364 dicta
1098 2324 1223 2377 quod
1266 2325 1435 2363 beatus
1467 2323 1754 2376 Jeronymus
1796 2322 1860 2362 lo-

286 2387 501 2421 p¹‘ed051i¹¹³‘0·
546 2391 703 2444 quitur
743 2393 801 2432 de
840 2405 1018 2445 genere
1057 2392 1489 2446 predestinatorum
1521 2392 1743 2441 fidelium,
1783 2391 1920 2444 qu130

545 2460 827 2514 principium
861 2467 1158 2515 sumpserant
1192 2475 1216 2501 a
1246 2461 1489 2503 Romanis.
1532 2461 1706 2501 Paulus
1739 2459 1860 2500 enim

545 2529 632 2570 fuit
663 2530 910 2571 Romanus
945 2544 1006 2570 ex
1038 2544 1230 2584 genere,
1272 2536 1323 2571 ut
1354 2536 1487 2583 patet
1517 2530 1625 2570 Act.
1659 2528 1781 2570 XVI
1814 2533 1862 2568 et

614 2709 642 2737 7.
664 2702 693 2729 A
708 2702 737 2729 in
754 2710 868 2737 marg:
890 2709 942 2735 2⁰;
962 2702 983 2729 Β
998 2702 1029 2729 in
1045 2709 1160 2737 marg:
1181 2701 1357 2737 Replicacio
1378 2700 1531 2728 notabilis.
1606 2699 1634 2728 8.
1655 2701 1684 2727 A
1698 2699 1728 2727 in
1743 2707 1858 2734 marg:

545 2747 625 2775 Nota
644 2751 861 2785 argumentum
882 2749 1028 2783 optimum
1045 2756 1104 2783 pro
1126 2756 1241 2784 papam
1262 2756 1325 2775 esse
1339 2750 1368 2775 et
1376 2755 1439 2782 pro
1460 2747 1525 2775 eius
1539 2746 1701 2782 regimine,
1721 2746 1777 2774 sed
1789 2754 1862 2773 cave

545 2797 698 2821 extortam
718 2795 890 2822 evasionem
911 2795 1010 2821 istius.

613 2900 644 2934 9.
671 2889 805 2921 Decreti
835 2890 995 2921 Secunda
1022 2889 1115 2928 Pars,
1144 2889 1257 2920 Causa
1283 2888 1403 2929 XXIV,
1429 2898 1488 2931 qu.
1515 2888 1538 2931 1,
1566 2897 1641 2930 cap.
1665 2886 1754 2921 XIV.
