2078 3338
91 656 169 700 172ιι

211 267 300 296 οΑΡ.
328 257 396 314 m]
605 269 664 301 DE
692 268 974 301 POTESTATE
1000 268 1130 301 PAPE.

210 375 364 414 ficabo
399 387 542 427 super
574 373 820 414 ecclesiam
852 372 1226 425 malignancium,
1259 372 1412 412 dando
1446 370 1532 411 tibi

210 448 495 496 potestatem
508 443 687 498 ligandi
702 448 841 496 atque
858 442 1091 495 solvendi,
1106 447 1158 482 ut
1179 454 1274 481 non
1289 439 1529 494 superflue

211 525 421 566 occupes
466 512 624 553 claves
672 512 886 563 ecclesie,
932 525 1047 565 quas
1081 511 1191 551 dedi
1223 510 1310 551 tibi
1341 510 1529 550 racione

210 581 522 622 confessionis
575 581 814 622 meritorie
865 580 1164 622 humanitatis
1218 585 1267 620 et
1311 579 1498 620 deitatis
1524 577 1527 633 l

209 665 299 705 qua
351 665 376 692 a
427 650 606 705 Spiritu
659 650 833 693 Sancto
889 652 1088 692 edoctus
1143 649 1317 700 dixisti,
1375 655 1426 690 tu
1479 661 1528 688 es

210 720 422 762 Christus
469 727 517 762 et
559 734 646 775 per
691 734 991 774 consequens
1037 733 1179 761 verus
1223 721 1364 760 homo
1408 718 1530 758 filius

207 790 300 831 Dei
331 791 444 842 vivi;
485 792 615 844 quod
647 804 741 831 non
773 790 944 831 fuisset
974 790 1269 844 pertinenter
1307 782 1528 840 additum,

206 861 297 901 nisi
338 860 687 914 intelligeretur
720 861 778 900 de
815 859 905 900 filio
937 859 1147 901 naturali.
1198 859 1261 899 Et
1295 858 1387 899 ista
1420 871 1527 898 con-

206 930 353 971 fessio
389 936 462 971 est
493 930 694 971 maxime
722 929 967 984 pertinens
992 929 1241 970 christiano
1263 927 1528 982 preposito,

154 1016 191 1037 10
206 1005 258 1040 ut
300 1006 433 1053 patet
463 1000 568 1052 Joh.
601 999 683 1053 IV,
718 1012 775 1039 eo
809 1000 936 1052 quod
968 998 1170 1039 maxime
1204 998 1368 1038 obviat
1397 996 1529 1037 Anti-

208 1069 400 1123 christo,
426 1082 528 1110 cum
543 1069 649 1123 ipse
672 1068 867 1122 negabit
889 1068 1182 1109 divinitatem
1206 1072 1255 1108 et
1267 1065 1529 1119 infatuabit,

207 1144 430 1192 quantum
451 1139 500 1179 in
526 1138 633 1192 ipso
668 1138 766 1190 erit,
793 1137 967 1178 Christi
988 1136 1265 1191 pauperiem
1295 1142 1347 1177 et
1367 1136 1530 1176 volun-

205 1209 368 1249 tariam
399 1208 682 1262 passionem.
715 1207 811 1247 Ubi
845 1207 967 1247 enim
999 1220 1086 1247 nos
1121 1205 1361 1246 christiani
1393 1205 1530 1245 doce-

205 1292 306 1319 mur
340 1291 364 1318 a
395 1277 581 1319 Christo
616 1282 663 1317 et
700 1276 903 1317 ecclesia
942 1281 1173 1330 expetere
1198 1273 1528 1322 constanciam,

152 1353 437 1401 &prospera
466 1346 629 1387 mundi
667 1345 916 1400 despicere
950 1351 997 1386 et
1040 1345 1165 1385 nulla
1199 1344 1297 1385 eius
1332 1344 1532 1384 adversa

205 1416 469 1470 formidare,
508 1415 831 1456 Antichristus
872 1420 1066 1455 econtra
1106 1428 1209 1454 cum
1241 1413 1400 1454 multis
1433 1413 1528 1453 suis

207 1486 351 1527 docet
391 1485 607 1526 homines
655 1486 714 1526 ad
751 1484 912 1525 mundi
951 1497 1185 1537 prospera
1229 1476 1437 1537 aspirare
1483 1488 1531 1523 et

205 1556 490 1610 penalitates
522 1560 875 1608 contempnere,
906 1555 1031 1594 unde
1053 1553 1238 1605 Petrus,
1272 1552 1379 1606 quia
1410 1552 1531 1593 dixit

208 1625 408 1678 Christo,
441 1626 557 1666 absit
585 1626 667 1665 lzoc
697 1637 727 1665 a
758 1628 798 1665 te
813 1624 1010 1664 Domine
1031 1629 1082 1663 ut
1102 1623 1247 1664 vadas
1270 1622 1529 1673 Jerusalem

149 1713 191 1734 20
208 1695 431 1749 crucifigi,
463 1699 662 1735 vocatus
696 1698 769 1734 est
801 1694 858 1733 ab
893 1706 950 1733 eo
980 1691 1212 1733 Sathanas
1242 1692 1383 1745 paulo
1416 1697 1530 1745 post

203 1766 294 1806 hoc
316 1764 618 1818 privilegium
642 1763 895 1816 singulare,
918 1768 971 1803 ut
992 1768 1126 1816 patet
1146 1761 1290 1802 Math.
1307 1760 1444 1813 XVI,
1462 1774 1483 1801 2
1491 1775 1527 1812 3,

207 1835 264 1876 ad
296 1834 619 1875 denotandum
657 1834 783 1887 quod
823 1832 928 1886 ipse
964 1838 1038 1873 est
1069 1831 1317 1884 potissime
1342 1830 1527 1871 Christo

207 1906 463 1946 adversans
515 1909 750 1957 tamquam
803 1902 920 1943 alter
966 1900 1303 1952 Antichristus,
1357 1900 1436 1954 qui
1480 1901 1528 1941 in

204 1979 487 2028 paupertate
533 1979 581 2014 et
618 1972 876 2026 penalitate
909 1971 1071 2012 abnuit
1108 1970 1244 2024 sequi
1277 1969 1525 2011 Christum.

149 2045 346 2086 25Unde
388 2044 481 2085 isto
528 2049 663 2084 scuto
707 2043 820 2084 fidei
852 2048 1053 2083 armatus
1088 2047 1161 2081 est
1191 2041 1362 2081 Petrus
1396 2047 1526 2094 post-

204 2115 407 2165 modum,
432 2127 536 2155 cum
557 2127 645 2167 pro
671 2113 857 2154 Christo
880 2111 1070 2165 reliquit
1085 2124 1271 2152 uxorem
1296 2114 1334 2151 et
1356 2112 1526 2160 omma,

205 2185 449 2239 sequendo
499 2184 656 2237 ipsum
705 2183 849 2225 Math.
899 2182 1041 2232 XIX,
1088 2194 1156 2234 27,
1207 2194 1295 2234 pro
1341 2180 1526 2225 Christo

203 2254 423 2309 promisit
467 2267 519 2294 se
563 2253 682 2294 mori
725 2254 1027 2307 percuciendo
1071 2264 1256 2293 servum
1293 2250 1528 2304 pontificis

204 2325 306 2377 Joh.
327 2324 515 2376 XVIII,
546 2338 607 2376 10,
641 2337 728 2377 pro
753 2323 940 2364 Christo
965 2321 1192 2375 exposuit
1214 2333 1266 2361 se
1297 2320 1345 2360 in
1361 2333 1526 2373 aquam

148 2402 189 2433 30
203 2395 347 2436 Math.
362 2394 486 2435 XIV
503 2399 550 2434 et
562 2394 661 2445 Joh.
676 2393 837 2434 ultimo
855 2398 904 2434 et
926 2393 1113 2433 demum
1126 2390 1174 2431 in
1191 2390 1346 2444 capite
1367 2389 1527 2430 mundi

204 2463 364 2505 Roma
394 2477 481 2517 pro
517 2463 702 2504 Christo
735 2462 933 2516 pertulit
962 2467 1163 2502 mortem
1194 2462 1425 2501 acerbam.

1766 268 1818 306 40

1628 865 1740 892 Peter's

1581 900 1756 927 confession
1779 909 1794 928 a

1606 936 1699 962 clieck
1720 940 1750 962 to

1585 970 1769 997 Antichrist.

264 2533 389 2587 Quid
431 2533 575 2587 igitur
608 2534 742 2574 datur
772 2532 984 2586 intelligi,
1029 2531 1159 2585 quod
1191 2531 1320 2570 solus
1352 2530 1526 2570 Petrus
1540 2535 1653 2562 Peter's
1682 2534 1816 2570 walking

204 2603 455 2644 videbatur
486 2616 511 2643 a
543 2602 733 2643 domino
766 2602 909 2642 Math.
930 2601 1056 2641 XIV
1085 2599 1248 2641 venire
1281 2600 1338 2639 ad
1370 2599 1525 2653 ipsum

205 2686 347 2726 supra
376 2686 515 2724 mare,
547 2672 637 2713 nisi
668 2672 797 2725 quod
827 2684 1027 2725 presens
1060 2670 1269 2710 seculum
1291 2682 1378 2722 per
1398 2681 1524 2709 mare

278 2830 319 2856 14.
343 2820 458 2849 Codd.:
483 2821 653 2849 ecclesiam.
729 2827 772 2856 17.
794 2819 833 2847 B:
855 2819 1000 2855 aspirare
1021 2819 1116 2846 deest.

281 2904 330 2937 19.
356 2893 476 2927 Matth.
503 2893 592 2936 XVI,
621 2893 673 2926 23.

275 2956 316 2979 De
332 2956 482 2979 Potestate
498 2956 586 2982 Pape.
1364 2959 1386 2987 4

1559 2578 1597 2597 on
1622 2570 1671 2597 the
1692 2568 1810 2597 wasers
