2078 3338
168 259 340 315 CARXI]
565 271 624 302 DE
651 270 932 302 POTESTATE
959 270 1087 303 PAPE.

168 375 297 429 quod
329 374 421 415 sint
453 374 660 427 quinque
694 373 883 414 ordines
911 373 1153 424 celebrati3
1185 374 1233 414 in
1264 380 1481 427 tempore

1691 271 1770 308 3¹5

1530 381 1565 409 In
1586 380 1737 416 apostolic

1531 416 1623 443 times
1643 416 1728 444 there

168 450 322 486 autem
369 444 574 498 apostoli
617 457 712 484 non
757 449 892 484 erant
934 443 1023 484 nisi
1068 444 1160 484 duo
1200 444 1389 484 ordines
1425 446 1481 485 ad
1513 459 1594 478 were
1612 451 1767 490 onlytho

1495 486 1620 513 orders:
1645 490 1760 520 priests

168 514 519 555 ordinacionem
543 514 759 566 ecclesie,
793 513 973 554 scilicet
994 514 1235 567 dyaconus
1260 519 1307 554 et
1333 528 1481 554 sacer·
1503 521 1562 548 and
1584 521 1733 548 deacons-

168 586 268 637 dos,
299 590 351 625 ut
381 588 515 637 patet
544 583 725 637 legenti
757 582 983 636 epistolas
1015 583 1162 635 Pauli,
1197 588 1244 623 et
1275 583 1485 624 meminit

135 654 540 708 §archidyaconus
574 666 678 693 cum
710 652 884 693 sanctis
918 652 1205 694 doctoribus.

223 725 298 764 Ex
319 722 472 764 Veteri
493 736 610 763 vero
645 727 695 763 et
715 735 843 762 novo
867 726 1151 763 testamento
1178 723 1357 763 debent
1379 736 1484 763 esse

167 800 352 849 septem
367 792 569 844 ordines,
585 792 695 833 ideo
721 792 898 832 eleccio
923 791 1121 845 quinarii
1142 792 1284 833 medii
1298 792 1486 833 videtur

165 866 370 919 figurare
401 861 622 902 fidelibus
656 862 785 915 quod
806 861 984 915 primus
1006 875 1227 903 numerus
1250 863 1485 916 superbus

166 934 350 976 scilicet
382 931 619 986 quinarius
651 931 764 971 facit
796 936 982 972 nostros
1016 932 1289 985 prepositos
1327 932 1486 973 taliter

112 1030 151 1051 10
165 1004 358 1045 variare.
420 1001 553 1043 Sicut
598 1001 720 1041 enim
753 1000 902 1041 omnis
937 1001 1217 1042 christianus
1256 1007 1304 1042 et
1335 1002 1485 1055 speci-

45 1076 128 1121 239¹¹
166 1072 319 1128 aliter}
338 1075 493 1113 bonus
516 1070 755 1124 presbiter
788 1076 863 1111 est
894 1071 1134 1123 sacerdos,
1168 1071 1235 1111 sic
1260 1077 1332 1112 est
1355 1071 1485 1125 spiri-

165 1143 353 1185 tualiter
382 1140 648 1192 hostiarius,
683 1140 1008 1193 ceroferarius,
1039 1141 1201 1194 lector,
1235 1141 1486 1193 exorcista,

166 1214 515 1266 subdyaconus,
568 1211 810 1264 dyaconus
865 1216 911 1251 et
962 1211 1197 1263 sacerdos,
1261 1216 1313 1251 ut
1376 1211 1487 1252 alias

167 1282 335 1323 diffuse
380 1280 592 1335 exposui.
648 1281 709 1321 Et
753 1280 819 1320 sic
874 1280 1062 1321 videtur
1114 1282 1244 1334 quod
1288 1282 1489 1322 ecclesia

113 1358 335 1406 15posset
403 1350 532 1391 viare
604 1350 800 1401 facilius,
877 1356 1103 1391 contenta
1172 1351 1231 1390 de
1301 1351 1488 1392 duobus

168 1421 425 1470 ordinibus,
468 1420 516 1461 in
561 1419 732 1473 quibus
772 1420 961 1460 residua
1004 1419 1310 1473 spiritualiter
1345 1420 1487 1461 inclu-

167 1491 350 1532 duntur.
413 1490 515 1530 Nec
568 1491 720 1540 obest,
773 1490 901 1543 quod
944 1489 1242 1544 Augustinus
1287 1490 1399 1531 dicit
1441 1490 1489 1531 in

166 1561 326 1601 libello
358 1574 444 1601 suo
467 1561 539 1601 De
563 1558 842 1610 Heresibus⁷
876 1560 1004 1612 quod
1037 1559 1238 1600 Heriam'
1261 1560 1319 1599 ab
1342 1559 1486 1600 Herio

166 1632 366 1682 quodam
397 1633 503 1670 sunt
533 1630 654 1678 dicti,
686 1629 774 1681 qui,
807 1641 911 1669 cnm
938 1633 1050 1670 esset
1074 1630 1313 1682 presbiter,
1346 1630 1489 1670 doluit

110 1720 151 1741 20
166 1700 357 1752 fortiter
387 1701 505 1752 quod
543 1700 777 1752 episcopiis
814 1711 903 1739 uon
928 1700 1079 1751 potuit
1110 1700 1335 1750 ordinari,
1368 1703 1408 1740 et
1440 1700 1487 1740 in

165 1770 483 1811 Arrianoritm
498 1769 690 1809 heresim
706 1770 865 1821 lapsus
889 1770 1090 1821 propria
1115 1782 1279 1822 queque
1316 1770 1485 1810 doctri-

165 1843 277 1880 nata
319 1840 565 1891 addidisse,
608 1840 825 1879 nonnulla
870 1839 1022 1879 dicens
1063 1839 1225 1892 offerri
1249 1852 1338 1891 pro
1376 1840 1485 1879 dor-

166 1910 406 1950 mientibus
448 1921 538 1949 uon
581 1912 798 1961 oporlere,
842 1920 919 1948 nec
959 1911 1130 1949 statuta
1179 1909 1489 1962 sollempniter

166 1979 436 2019 celebranda
480 1990 572 2019 esse
602 1978 789 2028 ieiunia,
832 1978 912 2018 sed
953 1990 1056 2018 cum
1099 1979 1260 2030 quibus
1297 1979 1490 2019 voluerit

110 2058 149 2090 25
166 2061 259 2089 esse
289 2049 603 2100 ieiunandum,
636 2060 692 2087 ue
712 2048 922 2088 videatur
943 2060 1035 2088 esse
1054 2049 1136 2088 suh
1162 2049 1269 2100 lege.
1302 2048 1489 2089 Dicebat

166 2119 311 2159 eciam
349 2118 656 2171 presbiterum
699 2117 756 2158 ab
793 2118 997 2170 episcopo
1047 2118 1176 2158 nulla
1219 2119 1489 2172 dzffereucia

165 2188 321 2228 debere
352 2188 559 2229 discerni.

225 2256 279 2297 In
313 2256 520 2310 capitulo
543 2256 703 2297 Herrii
733 2256 954 2297 videntur
986 2256 1127 2297 michi
1154 2270 1260 2298 esse
1283 2258 1487 2311 Fratres,

168 2326 247 2379 qui
278 2332 569 2380 sumptuose,
613 2326 850 2368 laboriose
884 2332 933 2367 et
963 2326 1232 2380 periculose
1271 2328 1489 2381 aquirunt

110 2406 151 2438 30
169 2396 473 2450 episcopatus
518 2396 684 2447 officia,
729 2402 779 2437 ut
812 2396 1086 2437 seculariter
1116 2398 1407 2451 voluptuose
1441 2404 1489 2438 et

167 2465 328 2506 ociose
381 2465 569 2506 dimissa
628 2466 760 2519 prius
815 2467 1140 2507 commendata
1211 2468 1490 2508 obediencia

168 2540 523 2577 conversentur.
545 2534 649 2575 Non
665 2535 787 2575 enim
810 2541 948 2576 sonat
963 2536 1143 2576 directe
1161 2537 1218 2576 ad
1240 2537 1489 2578 utilitatem

168 2603 370 2644 ecclesie
385 2605 463 2644 vel
484 2604 728 2658 religionis
752 2611 1054 2661 augmentum
1075 2607 1205 2659 quod
1226 2606 1292 2647 sic
1306 2606 1488 2658 vivunt,

168 2673 275 2726 quia
316 2687 404 2727 per
434 2673 560 2714 idem
592 2674 792 2727 quilibet
822 2675 968 2716 frater
1011 2681 1148 2729 aptus
1188 2677 1244 2717 ad
1275 2676 1487 2730 regimen

243 2811 286 2840 18.
308 2812 335 2838 A
356 2811 386 2838 in
408 2819 523 2846 marga
544 2812 626 2840 Nota
647 2815 676 2839 et
694 2816 772 2840 tene.

244 2895 293 2928 18.
320 2895 459 2927 Aeriani
486 2894 528 2927 ab
553 2896 661 2927 Aerio
689 2902 753 2929 etc.
779 2897 867 2937 Aug.
895 2896 986 2939 Opp.
1013 2903 1098 2930 tom.
1125 2898 1212 2937 VIII,
1245 2897 1293 2930 18.

1568 936 1596 962 A
1617 934 1698 969 good

1526 970 1675 998 chrtstian
1697 970 1751 997 has

1545 1005 1584 1032 ali
1603 1005 1722 1032 orderS.

1554 2260 1661 2288 Friars
1681 2264 1730 2299 get

1551 2295 1725 2330 bishoprles

1562 2330 1638 2357 with
1660 2330 1718 2358 bad

1579 2365 1700 2393 results.
