2078 3338
263 280 343 320 372
985 279 1208 310 JOHANle
1235 280 1419 311 WYcLIF
1665 267 1772 324 [cmv.
1798 278 1865 306 ΧΠ.

550 383 677 423 illum
722 388 906 433 statum,
953 396 1056 423 cum
1088 390 1255 437 posset
1288 397 1410 437 eque
1442 384 1642 425 faciliter
1674 384 1865 425 dotasse

552 459 979 506 quantumcumque
1014 453 1187 493 clerum
1220 467 1354 493 suum
1389 453 1437 494 in
1468 454 1628 494 mundi
1666 454 1866 506 diviciis,

550 535 644 562 non
678 523 799 562 enim
833 528 906 562 est
937 523 1161 576 potentis,
1193 524 1441 577 prudentis
1466 529 1512 563 et
1533 524 1866 565 benevolentis

551 592 617 631 sic
639 591 788 645 magis
810 594 987 633 bonum
1009 600 1318 646 postponere,
1352 593 1458 646 quia
1489 598 1601 633 tunc
1632 594 1710 633 vel
1741 593 1867 634 foret

549 660 737 701 invidus
768 663 847 701 vel
878 661 1083 715 ignarus.

608 729 842 780 Similiter,
867 738 1295 785 quantumcumque
1319 732 1487 773 divicie
1503 733 1865 783 accumulentur,

552 800 697 839 eciam
751 814 854 840 cum
907 801 1160 842 securitate
1212 802 1445 842 mundana
1493 807 1727 855 perpetua
1772 816 1866 842 non

549 875 735 921 ponunt
776 871 1185 923 possessionatum
1228 871 1317 911 nisi
1349 872 1631 924 profundius
1661 871 1709 911 in
1742 876 1866 911 statu

549 938 863 991 proprietario
902 940 1052 980 minus
1089 940 1319 993 perfecto.
1373 939 1488 980 Cum
1531 940 1674 993 igitur
1718 945 1865 980 status

548 1007 626 1047 ille
669 1007 779 1048 ideo
826 1008 996 1049 dicitur
1038 1009 1362 1062 principaliter
1404 1009 1556 1050 minus
1607 1009 1924 1062 perfectu5‚1o

549 1076 658 1129 quia
703 1083 776 1118 est
819 1079 926 1131 plus
963 1093 990 1119 a
1019 1079 1312 1119 beatitudine
1343 1079 1616 1131 tardativus,
1649 1079 1718 1132 (ut
1750 1092 1866 1132 sepe

547 1152 680 1199 patet
708 1146 712 1201 j
743 1161 804 1186 ex
851 1148 945 1188 fide
991 1148 1242 1202 evangelii)
1301 1148 1513 1202 sequitur
1558 1149 1686 1202 quod
1718 1154 1866 1189 status
1908 1160 1970 1192 253

546 1216 623 1255 ille
657 1216 717 1256 sit
747 1217 1044 1270 proprietate
1068 1218 1297 1258 contraria
1320 1219 1446 1258 clero
1470 1218 1638 1259 utilior.
1673 1217 1864 1259 Contra-

546 1285 720 1325 riorum
755 1286 877 1326 enim
911 1293 1106 1340 oportet
1136 1301 1278 1328 unum
1312 1301 1418 1328 esse
1451 1287 1720 1341 perfeccius
1753 1293 1863 1328 tam-

548 1368 683 1407 quam
714 1356 902 1398 habitus
937 1363 984 1397 et
1014 1357 1246 1410 reliquum
1274 1357 1607 1411 imperfeccius
1630 1364 1864 1411 tamquam
1885 1368 1920 1400 15

545 1425 770 1477 privaciO.

287 1493 333 1520 ΤΟ
358 1494 504 1521 maimain
607 1493 842 1546 Similiter,
883 1509 1021 1536 omne
1055 1510 1176 1549 opus
1215 1496 1537 1538 misericordie
1569 1498 1647 1538 vel
1692 1498 1864 1537 elemo-

268 1529 318 1555 1he
338 1529 524 1556 ordinances

257 1563 533 1635 &gl-filgsssgljffsiaty
549 1564 649 1604 sine
683 1564 937 1617 spiritualis
962 1571 1034 1606 est
1055 1566 1223 1619 pocius
1246 1580 1382 1619 quam
1406 1580 1527 1620 opus
1549 1566 1865 1607 misericordie

256 1634 523 1704 fffgossjglhyesgitstggfi
548 1634 625 1673 vel
671 1635 929 1674 elemosine
982 1635 1256 1688 corporalis,
1310 1636 1395 1675 sed
1448 1637 1559 1677 dare
1610 1636 1866 1676 tuicionem

548 1704 705 1756 quoad
738 1709 910 1744 statum
944 1710 991 1744 et
1018 1705 1268 1758 privilegia
1297 1719 1389 1758 que
1419 1705 1632 1747 Christus
1665 1705 1867 1746 instituit
1882 1726 1924 1748 20

548 1778 620 1813 est
639 1786 761 1826 opus
776 1773 1097 1814 misericordie
1114 1774 1368 1828 spirituale,
1389 1788 1484 1815 non
1507 1775 1864 1829 comparacione

548 1844 603 1882 ad
629 1843 911 1884 ditacionem
934 1845 1227 1895 mundanam,
1260 1845 1402 1899 igitur
1428 1852 1499 1885 est
1530 1846 1633 1899 ipsa
1654 1850 1865 1898 prestan-

547 1912 660 1953 cius.
694 1914 849 1954 Aliter
878 1914 999 1954 enim
1025 1914 1236 1955 Christus
1267 1915 1427 1955 invide
1460 1915 1726 1968 peior-asset
1756 1928 1863 1968 apo-

547 1984 710 2036 stolos,
754 1985 970 2024 vocando
1017 1997 1100 2024 eos
1140 1998 1164 2024 a
1201 1985 1361 2025 mundi
1392 1985 1573 2025 diviciis
1607 1985 1664 2024 ad
1695 1998 1863 2037 purum

546 2058 716 2093 statum
763 2053 1205 2107 exproprietarium,
1251 2054 1373 2095 sicut
1412 2059 1459 2095 et
1496 2054 1664 2095 fratres
1701 2059 1865 2094 contra
1881 2064 1919 2095 25

546 2123 751 2163 caritatis
795 2125 984 2178 regulas
1029 2124 1416 2177 dampnificarent
1459 2137 1635 2178 pueros
1669 2129 1717 2164 et
1748 2124 1864 2164 alios

268 2202 442 2230 otherwise
463 2203 512 2229 the
546 2192 718 2233 divites
768 2195 1023 2244 seculares,
1069 2195 1178 2234 dum
1210 2194 1388 2235 faciunt
1420 2208 1503 2235 eos
1535 2194 1717 2244 fratres,
1756 2207 1864 2247 ymo

273 2240 506 2307 wffiississtsio‘i‘ess
544 2269 855 2315 procurarent
888 2269 935 2303 et
965 2264 1211 2304 ]audarent
1247 2265 1354 2317 plus
1391 2264 1605 2304 homines
1639 2263 1719 2316 qui
1745 2263 1863 2303 face-

313 2308 473 2385 {Eai'ssffssiss‘iss
545 2338 650 2371 rent
695 2345 777 2372 eos
821 2333 1165 2386 proprietarios
1199 2346 1337 2386 quam
1370 2333 1639 2374 conditores
1673 2346 1863 2373 suorum

307 2378 475 2406 ommam
546 2401 774 2455 ordinum,
820 2404 898 2443 vel
941 2408 1106 2455 patres
1152 2403 1231 2456 qui
1274 2403 1486 2444 fecerant
1542 2416 1625 2444 eos
1670 2403 1920 2453 fratresfflo

545 2473 671 2524 quod
705 2472 847 2512 credo
883 2485 965 2512 eos
999 2473 1158 2513 dicere
1193 2486 1300 2513 esse
1334 2479 1651 2527 apostatarum
1675 2478 1861 2513 senten-

544 2540 677 2588 ciam;
702 2542 779 2581 vel
803 2542 935 2581 aliter
958 2542 1181 2595 sequitur,
1216 2544 1345 2596 quod
1369 2544 1598 2583 donantes
1620 2541 1861 2584 ordinibus

542 2609 632 2651 illis
662 2611 768 2651 loca
787 2621 834 2651 et
857 2611 1089 2651 domicilia
1111 2612 1168 2652 ad
1191 2612 1494 2654 habitandum
1517 2617 1565 2652 et
1587 2617 1861 2661 contractas,

542 2687 797 2733 peccarent
821 2681 1039 2734 graviter,
1065 2687 1111 2722 et
1126 2681 1193 2721 sic
1208 2682 1300 2735 ipsi
1315 2695 1449 2722 suum
1472 2681 1683 2722 ordinem
1700 2684 1861 2723 obser-

542 2751 717 2803 vando,
757 2752 938 2791 debent
971 2751 1092 2791 enim
1123 2752 1256 2792 iuxta
1287 2751 1621 2807 falsigraphum
1653 2751 1860 2792 vivendo
1879 2760 1918 2792 35

611 2899 653 2927 33.
679 2901 864 2929 Contractus
878 2913 909 2924 ε
925 2905 1080 2929 contrahis
1096 2912 1126 2924 =
1142 2906 1281 2937 count-ry.
1357 2901 1404 2929 35,
1428 2901 1544 2929 codd:
1566 2903 1608 2931 aci
1628 2902 1721 2929 deest.
