2078 3338
257 275 270 300 1
281 263 333 301 86
972 271 1196 303 JOHANNIS
1223 271 1407 304 WYCLIF
1643 262 1750 313 [CAP.
1773 268 1853 297 v111.

539 387 684 427 opera
714 374 870 415 fidelia
901 380 1093 428 oportet
1125 376 1378 416 ostendere
1414 375 1586 416 Christi
1619 377 1855 430 vicarium,
1900 385 1980 429 207b

281 442 480 505 Jht‘fqgvgffi
538 444 612 483 cui
656 443 815 497 opinio
854 446 931 484 vel
970 444 1149 485 eleccio
1187 446 1388 485 humana
1427 451 1500 485 est
1535 445 1855 498 impertinens.

276 520 373 547 ΡΟΡΕΞ
395 512 498 539 SheWS
537 512 700 566 Opera
730 519 886 554 autem
919 513 1104 555 Christo
1139 514 1369 554 contraria
1401 516 1658 555 ostendunt
1699 516 1854 556 multis

290 547 665 635 a1t11t11e‘²³1³sairsss·‘³·quod
696 589 898 636 uterque
932 597 1094 624 eorum
1127 583 1187 624 sit
1219 583 1518 624 antichristus
1552 590 1599 624 et
1626 598 1713 637 per
1744 599 1853 626 con-

535 665 739 705 sequens
783 652 1053 705 fugiendus,
1097 665 1206 706 ymo
1241 653 1385 692 credo
1423 652 1617 693 indubie
1650 658 1886 707 utroque5

535 722 674 772 clero,
708 721 788 774 qui
808 721 911 761 istis
945 723 1176 762 ambobus
1210 721 1464 774 consensit,
1499 728 1669 763 neuter
1701 724 1854 763 clerus

531 790 726 831 habebit
770 797 934 832 contra
976 791 1207 844 reliquum
1252 791 1543 832 evidenciam
1576 793 1704 845 quod
1742 806 1853 834 suus

533 860 792 913 episcopus
823 873 912 913 pro
946 874 1040 913 quo
1073 861 1194 900 zelat
1231 860 1292 900 sit
1322 874 1456 913 papa,
1498 861 1605 914 quia
1643 862 1711 913 (ut
1743 862 1851 902 alias

532 928 736 983 ostendi)
753 943 886 971 error
901 930 1180 983 eligencium
1202 943 1299 970 non
1316 930 1527 983 impedit,
1544 931 1656 984 quin
1671 931 1856 971 electus.

531 999 591 1040 sit
641 1013 778 1052 papa.
842 1000 942 1040 Nec
992 1013 1080 1040 nos
1132 1013 1387 1053 possumus
1434 1006 1595 1040 contra
1636 999 1742 1040 illos
1790 1014 1852 1040 ex
1874 1017 1910 1037 10

531 1069 756 1122 operibus
778 1070 856 1109 vel
877 1069 1177 1110 revelacione
1201 1070 1500 1121 convincere,
1534 1071 1662 1123 quod
1690 1075 1853 1110 noster

268 1139 335 1166 The
356 1139 479 1167 Church
529 1138 775 1179 Romanus
798 1139 1019 1192 pontifex
1041 1139 1101 1179 sit
1128 1153 1269 1192 papa.
1303 1139 1409 1180 Ideo
1430 1141 1609 1179 videtur
1628 1152 1852 1188 secu-rum,

239 1174 343 1202 would
364 1175 400 1201 be
421 1175 515 1201 better

251 1209 384 1236 Withfflst
404 1210 502 1237 either
528 1221 631 1250 cum
663 1210 828 1249 melius
847 1209 975 1261 foret
1006 1210 1195 1257 ecclesie,
1226 1210 1346 1260 quod
1366 1211 1520 1249 nullus
1538 1209 1666 1261 foret
1691 1211 1849 1249 huius—

303 1244 449 1273 Ofthem'
527 1279 666 1327 modi,
710 1279 828 1330 quod
871 1279 1076 1318 vivamus
1105 1282 1153 1318 ut
1189 1282 1292 1318 ante
1329 1279 1626 1331 dotacionem,
1670 1279 1850 1330 quando

528 1349 713 1388 ecclesia
743 1348 1046 1388 communiter
1076 1349 1373 1400 regulabatur
1397 1360 1485 1400 per
1505 1348 1660 1398 socios,
1695 1353 1742 1387 et
1762 1361 1849 1400 pro
1873 1356 1906 1386 15

527 1423 696 1458 neutro
742 1430 1004 1457 asseramus
1042 1416 1271 1457 blasfema
1308 1417 1561 1467 mendacia,
1609 1430 1712 1457 cum
1749 1423 1851 1458 tota

526 1486 624 1527 vita
661 1500 744 1527 sua
782 1488 928 1526 debet
967 1486 1071 1539 capi
1101 1486 1269 1526 relicto
1304 1486 1536 1539 ambiguo,
1572 1500 1677 1526 nam
1709 1486 1850 1526 nichil

525 1557 705 1606 nocius,
750 1570 888 1609 quam
932 1557 1063 1608 quod
1094 1561 1188 1596 stat
1218 1561 1469 1608 utrumque
1507 1555 1703 1596 istorum
1743 1569 1849 1596 esse

525 1627 885 1679 pseudopapam
938 1631 986 1666 et
1015 1638 1104 1678 per
1151 1638 1449 1678 consequens
1494 1625 1848 1666 Antichristum.

525 1695 626 1735 Nec
672 1701 746 1735 est
781 1695 909 1735 racio
943 1696 1021 1735 vel
1060 1695 1313 1735 auctoritas
1353 1708 1532 1747 cogens
1565 1696 1693 1748 quod
1733 1695 1849 1734 alter
1866 1715 1907 1735 20

523 1765 721 1805 istorum
753 1765 815 1805 sit
845 1777 980 1818 papa,
1012 1764 1156 1817 igitur
1178 1764 1269 1804 ista
1289 1764 1409 1804 fides
1432 1777 1527 1804 non
1550 1770 1624 1804 est
1646 1764 1847 1804 ecclesie

523 1834 827 1888 imponenda3
867 1841 916 1874 et
957 1834 1092 1874 nimis
1142 1835 1249 1874 leve
1293 1834 1418 1874 foret
1468 1834 1594 1886 quod
1650 1839 1848 1887 utraque

523 1904 717 1945 istarum
753 1904 961 1958 parcium
998 1903 1211 1956 imponat
1246 1903 1428 1956 relique
1461 1903 1629 1944 scisma
1659 1904 1738 1943 vel
1767 1904 1846 1943 he-

523 1975 663 2014 resim
696 1973 797 2015 sine
822 1987 960 2015 causa
991 1973 1190 2022 notoria,
1225 1978 1273 2013 et
1305 1972 1574 2026 specialiter
1607 1986 1711 2013 cum
1742 1986 1845 2026 per-

525 2058 640 2084 sone
686 2050 947 2098 aggregate
989 2043 1322 2096 religiosorum
1372 2042 1420 2082 in
1463 2042 1553 2083 ista
1603 2042 1847 2082 sentencia
1863 2055 1902 2086 25

525 2114 618 2154 sint
661 2114 822 2154 divise.
877 2112 982 2154 Stat
1026 2113 1148 2153 enim
1193 2114 1321 2166 quod
1352 2112 1566 2153 homines
1604 2112 1844 2165 inculpate

525 2183 702 2236 eligant
731 2183 1087 2233 Antichristum‚
1132 2188 1184 2222 ut
1220 2187 1356 2236 patet
1394 2195 1456 2222 ex
1488 2181 1640 2234 dictis,
1675 2187 1722 2221 et
1753 2186 1846 2221 stat

525 2253 653 2305 quod
698 2253 912 2293 homines
955 2252 1266 2293 viciosissime
1312 2251 1487 2305 eligant
1530 2264 1669 2304 quem
1712 2251 1844 2291 Deus

523 2324 647 2363 bene
672 2323 889 2376 elegerit;
912 2323 1022 2363 ideo
1045 2328 1177 2376 patet
1192 2323 1320 2376 quod
1335 2326 1611 2375 argumenta
1631 2325 1845 2360 neutram

521 2398 705 2445 partem
748 2392 1038 2433 necessitant
1077 2394 1134 2433 ad
1172 2392 1461 2432 credendum
1499 2404 1633 2431 suum
1670 2403 1901 2443 prepO-3o

267 2472 326 2500 We
345 2471 472 2508 English
523 2462 661 2503 situm
706 2476 813 2503 esse
857 2476 1039 2516 papam.
1093 2462 1209 2502 Ideo
1254 2474 1342 2501 nos
1379 2459 1573 2514 Anglici
1616 2461 1842 2499 debemus

257 2508 487 2577 aggssss'tl‘iii'ffetr.
522 2532 768 2585 quiescere
812 2532 860 2572 in
904 2532 1093 2585 antiqua
1129 2531 1360 2586 religione
1401 2528 1571 2570 Christi
1610 2535 1661 2569 ut
1699 2529 1841 2582 olym,

520 2602 676 2642 neutri
717 2601 841 2655 parti
885 2602 1125 2642 credendo
1171 2600 1306 2641 nimis
1350 2600 1562 2642 faciliter.
1624 2597 1675 2639 Si
1719 2597 1840 2638 enim

521 2677 718 2725 uterque
740 2672 937 2712 istorum
965 2671 969 2726 Ι
1000 2677 1072 2711 est
1096 2670 1427 2723 Antichristus,
1459 2669 1560 2709 sine
1583 2668 1662 2708 tali
1686 2668 1840 2721 capite
1883 2684 1959 2723 2070

521 2742 666 2782 debet
698 2741 900 2782 ecclesia
928 2740 1148 2794 regulari,
1181 2741 1266 2781 sed
1293 2739 1396 2793 quis
1420 2738 1510 2780 scit
1529 2738 1648 2778 hoc?
1680 2737 1840 2778 Docet

589 2910 639 2947 34.
659 2911 712 2940 ΑΒ
733 2912 764 2940 in
786 2920 899 2947 marg:
921 2911 1105 2939 Antichristi
1120 2911 1184 2938 tria
1202 2911 1296 2946 signa
1315 2910 1406 2944 ponit
1423 2909 1627 2945 Augustinus.
