2078 3338
254 260 342 288 CAP.
363 261 434 288 vm
449 251 463 303 ]
654 264 711 294 DE
738 264 1020 296 Po'rEsTATE
1047 265 1177 296 PAPE.
1783 268 1859 306 193

251 367 583 421 turpissimum,
618 374 834 408 vocatum
869 382 895 408 a
927 368 1097 410 ceteris
1132 369 1428 409 commodum
1460 375 1569 409 tem-

251 438 428 491 porale.
478 437 580 477 Nec
626 443 734 478 sunt
777 437 996 478 audiendi
1041 437 1219 490 discoli,
1266 438 1345 491 qui
1386 439 1572 494 fingunt

253 507 380 561 quod
415 507 564 547 omnis
596 520 673 547 res
707 508 876 547 durans
910 508 970 549 sit
1001 513 1202 561 tempus,
1238 514 1285 548 et
1316 507 1383 548 sic
1417 509 1571 549 clerus

252 590 411 617 emens
460 576 782 617 ecclesiastica
824 577 1056 617 beneficia
1099 578 1177 617 vel
1222 577 1447 618 secularia
1493 578 1570 619 do-

219 646 390 687 5minia
421 646 533 687 emit
569 652 771 700 tempus,
811 647 941 700 quod
974 653 1047 688 est
1078 647 1220 687 hodie
1252 647 1571 688 necessarium

253 717 391 769 clero,
425 729 529 756 cum
559 716 682 770 layci
706 716 888 757 clericis
912 716 1090 770 oppido
1115 722 1223 757 sunt
1244 717 1423 768 infesti;
1460 718 1570 758 anti-

252 785 500 827 christiana
516 786 818 827 deliramenta
840 792 950 827 sunt
976 786 1066 827 ista
1096 792 1142 827 et
1165 800 1332 827 sensus
1345 774 1572 841 Apostoli

251 855 544 898 subversiva.
577 854 798 910 Intelligit
821 856 942 896 enim
965 856 1230 909 Apostolus
1255 862 1442 910 tempus
1465 871 1570 911 pro-

249 925 351 979 prie
383 939 470 979 pro
505 925 758 966 duracione
792 926 1063 966 successiva
1094 926 1248 966 tocius
1272 926 1445 980 mundi,
1479 941 1571 980 que

199 1008 235 1029 10
251 995 456 1049 quamvis
502 995 628 1036 omni
669 996 846 1036 homini
891 1001 939 1036 et
971 996 1097 1036 omni
1129 996 1318 1049 corpori
1353 996 1414 1037 sit
1446 1010 1570 1036 com-

250 1064 415 1118 munis,
438 1070 594 1105 tamen
609 1066 796 1119 quando
811 1066 952 1106 homo
975 1065 1023 1105 in
1043 1065 1120 1105 illa
1135 1066 1395 1106 secundum
1415 1067 1572 1120 legem

249 1134 343 1175 Dei
385 1135 691 1190 progreditur
736 1141 783 1176 et
832 1136 1060 1176 allocatur
1095 1135 1143 1175 in
1188 1136 1263 1176 die
1310 1136 1570 1177 novissimo
1603 1141 1851 1205 tovzffigeissifhe

251 1206 309 1245 de
343 1205 636 1258 expensione
666 1205 868 1259 impensi
898 1205 1129 1258 temporis
1160 1205 1363 1259 sibiipsi
1386 1206 1573 1260 proficit
1680 1212 1764 1239 time-

251 1276 307 1315 ad
328 1275 539 1325 salutem,
572 1281 683 1315 tunc
705 1281 905 1329 propter
926 1275 1054 1316 illum
1076 1275 1318 1329 proprium
1342 1282 1390 1316 et
1411 1276 1572 1316 utilem

197 1345 439 1385 15modum
488 1345 692 1385 habendi
742 1345 928 1386 redimit
972 1345 1062 1386 sibi
1105 1351 1304 1399 tempus
1359 1346 1573 1387 Redimit

250 1414 367 1467 dico,
392 1415 499 1469 quia
522 1414 734 1456 Christus
759 1415 869 1456 emit
890 1421 1076 1469 tempus
1104 1415 1192 1456 toti
1216 1415 1434 1464 ecclesie,
1469 1429 1572 1457 cum

250 1484 386 1525 aliter
427 1498 546 1539 pure
591 1485 862 1526 naturaliter
906 1491 1201 1526 numerasset
1251 1492 1440 1540 tempus
1490 1487 1571 1526 ho-

248 1554 432 1596 minum.
495 1554 594 1597 Sed
630 1555 797 1596 merito
837 1555 1009 1596 Christi
1052 1556 1226 1596 factum
1271 1561 1344 1597 est
1385 1562 1571 1609 tempus

250 1625 556 1678 acceptabile,
595 1625 702 1679 quia
738 1625 785 1665 in
816 1626 953 1666 brevi
984 1633 1198 1679 tempore
1229 1626 1371 1666 homo
1406 1639 1467 1666 ex
1500 1639 1570 1666 ac-

193 1705 234 1727 20
251 1694 481 1748 cepcione
526 1694 685 1736 divina
722 1701 884 1749 potest
919 1695 1260 1736 beatitudinem
1299 1694 1572 1749 promereri.

250 1762 348 1805 Sed
380 1777 484 1804 cum
515 1764 593 1805 ille
623 1765 703 1818 qui
736 1765 914 1806 creavit
945 1771 992 1806 te
1016 1764 1116 1805 sine
1138 1770 1200 1817 te,
1233 1778 1329 1805 non
1351 1765 1573 1805 iustificat

248 1839 297 1874 te
335 1833 435 1874 sine
466 1840 526 1881 te,
559 1847 761 1875 necesse
792 1836 1019 1875 habemus
1054 1834 1314 1875 doctrinam
1346 1833 1573 1887 Apostoli

248 1903 420 1957 Ephes.
442 1903 499 1956 V,
539 1907 703 1955 15--16
743 1905 1008 1945 attendere:
1050 1905 1207 1952 Videte,
1251 1904 1414 1958 inquit,
1459 1917 1569 1957 quo-

250 1975 382 2014 modo
403 1977 530 2014 caute
562 1975 813 2026 ambuletis,
835 1975 1106 2015 redimentes
1132 1978 1321 2027 tempus,
1353 1975 1571 2026 quoniam

193 2044 346 2084 25dz‘es
386 2045 502 2084 mali
542 2047 658 2085 sunt.
716 2042 923 2097 Oportet
962 2043 1106 2097 igitur
1152 2049 1314 2096 preter
1356 2043 1570 2096 redemp-

250 2112 436 2154 cionem
473 2114 745 2167 generalem
778 2113 1007 2167 temporis
1044 2127 1133 2166 per
1166 2112 1402 2154 Christum
1433 2112 1570 2153 nobis
1597 2117 1630 2180 12
1643 2118 1848 2181 iffif200{9ggff0

130 2183 210 2228 209b
249 2187 436 2236 tempus
467 2182 714 2236 redimere,
745 2184 749 2235 Ι
778 2184 906 2236 quod
928 2188 1039 2223 tunc
1062 2183 1322 2223 secundum
1343 2182 1571 2236 Augusti·
1626 2188 1809 2224 indulgence

249 2266 357 2293 num
390 2252 597 2305 facimus,
629 2253 817 2306 quando
850 2252 1180 2306 temporalium
1209 2252 1501 2293 affluenciam
1525 2258 1572 2292 et

249 2321 393 2362 vitam
424 2323 758 2376 voluptuosam
791 2322 1182 2375 pretermittimus
1215 2322 1292 2362 vel
1327 2327 1570 2368 mutamus,

194 2396 303 2432 30ut
347 2391 533 2433 Christo
576 2391 787 2433 vivamus
834 2391 1081 2446 accepcius
1126 2397 1173 2432 et
1214 2391 1354 2432 nobis
1398 2390 1569 2443 utilius,

253 2467 365 2502 tunc
404 2461 525 2502 enim
556 2475 684 2502 novo
708 2462 847 2502 modo
878 2461 1085 2502 habendi
1119 2460 1399 2515 acquirimus
1433 2459 1570 2500 nobis

252 2537 450 2585 tempus.
481 2532 544 2572 Et
574 2532 833 2572 secundum
855 2530 1175 2585 Augustinum
1196 2529 1417 2571 iudicium
1447 2529 1570 2571 illius

254 2600 481 2654 episcopi,
514 2614 624 2654 ymo
655 2600 876 2641 iudicium
899 2599 1082 2651 Christi,
1112 2600 1160 2640 in
1191 2600 1296 2654 ipso
1330 2599 1572 2640 sufficeret

251 2671 393 2712 finem
413 2670 655 2724 imponere
672 2671 798 2711 omni
810 2671 891 2713 liti.
913 2670 1029 2711 Ideo
1053 2669 1169 2710 illud
1190 2669 1411 2710 iudicium
1427 2669 1571 2708 debet

325 2850 362 2869 11.
387 2840 504 2870 Codet:
523 2849 644 2868 sensum
658 2841 768 2877 legem.
845 2849 888 2869 12.
912 2840 1006 2869 Cod.:
1028 2841 1218 2868 allocuciter.
1295 2839 1344 2874 23,
1367 2848 1413 2874 24.
1437 2839 1475 2867 ss:
1497 2847 1570 2874 quo-

252 2889 342 2916 modo
363 2889 457 2916 deest.

320 2953 362 2977 De
378 2953 528 2977 Potestate
544 2953 630 2980 Pape.
1391 2958 1399 2978 1
1411 2948 1427 2980 3
