2078 3338
588 944 806 1021 Incipit
851 941 1174 1001 Senteneia
1216 940 1365 999 libri
1411 940 1484 998 de
1528 938 1828 997 potestate

1128 1034 1305 1110 Pape.

615 1174 868 1217 Sentencia
888 1173 994 1215 libri
1016 1173 1164 1213 ultimi
1191 1173 1237 1212 in
1262 1171 1539 1225 compendio
1564 1171 1630 1211 sic
1654 1171 1871 1210 habetur:
1912 1172 1993 1205 263⁸

616 1244 881 1297 Capitulum
912 1243 1112 1296 primum
1143 1241 1421 1295 premittens
1455 1239 1873 1294 equivocacionem

560 1313 911 1367 quadruplicem
943 1311 1196 1366 potestatis
1232 1311 1397 1351 dividit
1429 1310 1592 1363 ipsam,
1632 1310 1908 1349 declarans5

561 1384 800 1437 quomodo
846 1396 907 1422 ex
952 1382 1185 1435 scriptura
1227 1394 1322 1420 non
1367 1381 1572 1429 docetur,
1626 1379 1755 1432 quod
1805 1382 1877 1417 est

561 1457 772 1506 potestas
816 1457 979 1504 preter
1015 1450 1264 1491 racionalis
1296 1455 1462 1490 nature
1500 1448 1781 1502 potenciam,
1831 1451 1878 1485 et

565 1521 803 1574 quomodo
837 1519 1010 1573 aliquid
1044 1519 1236 1560 alterius
1271 1520 1483 1559 subiacet
1513 1516 1750 1570 potestati.
1798 1514 1877 1557 Se-

565 1590 719 1630 cundo
753 1589 1088 1629 descendendo
1113 1588 1169 1628 ad
1193 1587 1473 1628 divisionem
1496 1585 1716 1637 Hugonis
1753 1584 1881 1625 elicit

566 1658 939 1712 descripcionem
983 1657 1234 1711 potestatis
1278 1656 1502 1697 secularis
1542 1661 1589 1696 et
1627 1653 1881 1708 spiritualis
1898 1666 1939 1690 10

569 1735 616 1769 et
660 1728 910 1769 obiciendo
957 1727 1184 1768 dissolvit.
1237 1726 1404 1766 Tei-cio
1449 1725 1769 1779 principaliter
1813 1737 1880 1763 ar-

568 1798 726 1852 guitur
759 1798 888 1851 quod
919 1796 1165 1850 superfluit
1205 1809 1385 1850 ponere
1420 1795 1551 1835 aliam
1596 1798 1884 1848 potestatem

569 1874 731 1922 preter
761 1868 958 1907 liberum
992 1866 1243 1916 arbitrium,
1277 1866 1486 1906 secundo
1521 1865 1648 1917 quod
1669 1869 1884 1917 potestas

573 1938 763 1990 ordinis,
798 1950 901 1976 cum
933 1950 1056 1976 nunc
1088 1941 1248 1989 potest
1269 1935 1418 1975 laxari
1449 1941 1495 1974 et
1517 1947 1639 1974 nunc
1661 1932 1886 1987 restringi

571 2007 744 2047 sufficit
775 2007 874 2046 sine
907 2011 1146 2059 potestate
1186 2005 1429 2058 regiminis
1464 2005 1541 2045 vel
1573 2002 1941 2043 iurisdicionis15

571 2076 885 2130 superaddita.
936 2076 998 2115 Et
1040 2075 1189 2116 tercio
1235 2075 1444 2129 arguitur
1480 2087 1566 2126 per
1608 2075 1712 2123 hoc,
1757 2072 1885 2126 quod

572 2153 785 2187 creatura
808 2159 900 2185 non
918 2150 1198 2198 cooperatur
1220 2158 1321 2184 cuni
1336 2144 1442 2183 Deo
1469 2142 1884 2196 comproducendo

571 2216 875 2270 quantitatem
896 2214 1229 2255 indivisibilem
1255 2214 1303 2254 in
1324 2219 1495 2263 mente,
1523 2226 1616 2266 quo
1639 2211 1886 2266 tripliciter

573 2286 815 2326 confirmat
847 2290 895 2325 et
924 2285 1200 2337 respondet,
1243 2284 1371 2336 quod
1408 2288 1627 2336 potestas
1661 2294 1784 2321 nunc
1817 2294 1883 2320 ac-

574 2355 743 2409 cipitur
758 2354 1035 2408 simpliciter
1051 2359 1099 2394 et
1114 2367 1237 2393 nunc
1254 2353 1566 2407 aggregative
1582 2350 1885 2405 superaddita
1903 2363 1943 2383 21>

571 2426 769 2465 humana
790 2423 1176 2477 promulgacione
1198 2422 1444 2474 autentica,
1474 2427 1521 2461 et
1540 2421 1662 2461 illam
1685 2432 1884 2460 necesse

574 2500 646 2534 est
676 2507 856 2547 ponere
884 2499 998 2546 post
1018 2494 1212 2545 lapsum,
1246 2492 1432 2545 quando
1455 2491 1589 2531 Deus
1618 2489 1885 2539 autenticat,

575 2570 621 2604 et
665 2563 731 2603 sic
776 2567 884 2602 sunt
922 2562 1064 2602 multe
1102 2566 1381 2615 potestates,
1426 2574 1517 2614 que
1554 2573 1649 2600 non
1687 2559 1887 2599 fuissent

573 2633 619 2673 in
644 2638 769 2673 statu
799 2631 1097 2681 innocencie,
1131 2631 1340 2671 secundo
1366 2631 1507 2671 docet
1536 2629 1773 2682 quomodo
1806 2641 1884 2681 po-

573 2708 670 2743 test
700 2700 864 2754 augeri
891 2701 969 2741 vel
1000 2700 1155 2750 minui,
1190 2706 1237 2740 et
1268 2700 1414 2740 tercio
1449 2700 1589 2739 docet
1622 2698 1734 2751 quid
1765 2710 1884 2737 crea·
1902 2701 1942 2732 223

574 2779 677 2812 tura
699 2770 901 2811 coefficit
925 2784 1028 2810 cum
1050 2771 1157 2810 Deo
1183 2776 1229 2810 et
1252 2770 1363 2823 quid
1386 2782 1493 2818 non,
1528 2774 1575 2808 et
1597 2768 1884 2821 exponendo

577 2840 828 2894 scripturas
887 2840 1170 2893 multiplices
1225 2844 1358 2879 notat
1421 2838 1622 2891 qualiter
1673 2836 1885 2877 Christus

575 2909 732 2960 tacuit,
769 2909 872 2962 J0h.
904 2909 1031 2950 XIX
1068 2910 1271 2949 tacendo
1311 2907 1547 2948 doctrinas
1590 2905 1885 2959 multiplices.
