2078 3338
224 277 386 318 XLVI

221 397 295 444 nis,
320 396 450 444 diligis
473 407 537 432 me
565 396 654 444 plus
672 395 763 440 hiis,
790 403 827 431 et
849 395 985 432 statim
1010 408 1055 432 ex

223 454 448 491 maioritate
482 453 715 490 dileccionis
744 453 959 490 committit
980 453 1055 490 sibi

223 526 337 550 suam
371 511 579 549 ecclesiam
615 513 665 549 ad
697 512 956 559 pascendum,

281 572 360 608 Sed
403 570 639 617 notandum,
691 570 803 620 quod
847 569 1055 618 multiplex

223 638 281 666 est
304 628 413 666 racio
436 628 619 676 amandi3
645 627 810 676 quidam
834 627 942 664 enim
966 628 1055 676 plus

223 695 361 724 amant
375 686 579 724 Christum
602 687 824 723 secundum
846 685 1053 722 racionem

223 745 440 783 divinitatis
461 753 503 781 ut
525 746 700 781 creditur
722 745 769 780 de
785 743 1052 792 Evangelista,

220 803 387 852 quidam
424 815 518 840 vero
558 803 646 850 plus
685 810 823 839 amant
862 815 953 839 eum
995 814 1055 838 se-

220 863 397 898 cundum
431 860 636 898 racionem
676 872 745 896 sue
777 860 1051 907 humanitatis,

220 928 265 956 ut
298 919 474 956 creditur
507 920 554 955 de
584 918 783 966 Philippo,
819 927 856 954 et
890 918 1052 966 quidam

220 979 438 1015 secundum
485 977 691 1013 racionem
744 976 805 1012 sui
857 975 1052 1025 corporis,

221 1037 329 1085 quod
353 1044 410 1072 est
434 1034 614 1074 ecclesia.
648 1037 696 1071 Et
728 1034 785 1071 sic
811 1035 859 1071 de
882 1034 1050 1070 infinitis

221 1094 309 1131 aliis
361 1093 591 1130 racionibus
644 1101 681 1129 et
733 1091 901 1129 istorum
961 1093 1054 1129 sub-

220 1151 495 1203 divisionibus,
528 1164 601 1200 pro
634 1152 775 1199 quibus
803 1152 851 1188 de
874 1150 1054 1199 quolibet

219 1218 359 1248 sancto
422 1209 563 1246 dicunt
623 1209 722 1245 illud
780 1208 1053 1245 Ecclesiastici

218 1270 343 1305 XLIV
388 1279 441 1306 20
483 1266 702 1305 verificari:
753 1269 843 1303 Non
893 1275 950 1303 est
994 1267 1053 1303 in-

217 1334 360 1364 ventus
392 1325 534 1363 similis
566 1325 624 1362 illi
645 1358 653 1365 .
676 1358 684 1365 .
707 1358 715 1365 .
738 1358 745 1365 .

911 279 1278 313 INTRODUCTION.

1127 395 1201 442 nis,
1242 395 1372 444 diligis
1413 408 1476 432 me
1513 396 1603 444 plus
1642 395 1702 432 his
1745 403 1783 432 et
1824 395 1958 433 statim

1129 452 1345 490 committit
1388 453 1463 490 sibi
1508 466 1600 492 oves
1648 466 1740 491 suas
1779 454 1828 490 ad
1870 466 1961 502 pas-

1129 513 1311 551 cendum.

1186 571 1265 607 Sed
1309 569 1364 606 ibi
1414 571 1639 607 notandum
1686 570 1802 614 foret,
1850 571 1959 618 quod

1129 628 1335 676 multiplex
1381 637 1439 665 est
1482 628 1592 665 racio
1644 627 1807 665 amandi
1849 628 1960 664 Chri-

1127 694 1244 725 stum.
1269 686 1444 732 Quidam
1467 686 1573 723 enim
1598 686 1685 734 plus
1712 686 1799 722 aliis
1822 694 1960 722 amant

1128 744 1345 791 Christum,
1390 746 1611 781 secundum
1651 744 1857 781 racionem
1902 743 1960 780 di-

1126 802 1316 852 vinitatis,
1348 812 1392 839 ut
1415 802 1591 839 creditur
1614 804 1662 839 de
1685 801 1958 851 Evangelista,

1127 860 1290 908 quidam
1323 873 1418 898 vero
1451 861 1539 909 plus
1573 869 1711 897 amant
1740 860 1956 907 Christum,

1127 920 1347 955 secundum
1370 919 1574 956 racionem
1593 931 1661 955 sue
1681 918 1958 963 humanitatis,

1125 985 1169 1012 ut
1201 977 1378 1014 creditur
1409 979 1457 1014 de
1489 977 1689 1026 Philippo,
1723 985 1761 1014 et
1794 976 1956 1025 quidam

1126 1036 1347 1071 secundum
1401 1035 1605 1072 racionem
1656 1035 1716 1071 sui
1761 1034 1956 1083 corporis,

1126 1094 1235 1142 quod
1267 1102 1326 1130 est
1358 1093 1535 1132 ecclesia.
1570 1095 1618 1130 Et
1650 1092 1706 1129 sic
1739 1095 1787 1130 de
1820 1092 1958 1129 multis

1125 1152 1224 1188 alius
1255 1152 1484 1189 racionibus
1518 1165 1591 1200 pro
1620 1151 1766 1200 quibus
1789 1152 1836 1187 de
1860 1163 1959 1199 quo-

1124 1209 1222 1246 libet
1244 1219 1383 1247 sancto
1407 1210 1545 1247 dicunt
1567 1210 1667 1246 illud
1690 1208 1958 1246 Ecclesiastici

1124 1268 1246 1304 XLIV
1282 1268 1502 1305 verificari:
1547 1271 1637 1305 Non
1676 1276 1735 1305 est
1772 1267 1957 1305 inventus

1125 1325 1265 1362 similis
1297 1326 1354 1363 illi
1376 1358 1385 1366 .
1409 1358 1417 1365 .
1442 1359 1449 1365 .
1473 1359 1481 1366 .

358 1441 428 1480 As
472 1446 521 1480 to
566 1441 646 1480 the
690 1439 950 1492 remaining
991 1452 1240 1494 passages,
1286 1453 1368 1481 see
1405 1440 1564 1481 below
1596 1453 1658 1481 on
1687 1453 1768 1493 pp.
1802 1452 1956 1492 5—12,

224 1516 403 1562 15-18,
448 1513 516 1561 48,
550 1512 616 1561 86,
649 1523 716 1561 93,
767 1523 857 1562 157,
908 1512 999 1560 165,

1050 1513 1141 1561 185,
1186 1524 1283 1562 309,
1329 1524 1423 1562 332,
1467 1513 1562 1563 361,
1594 1513 1691 1562 383,
1723 1515 1819 1561 384·

1882 1507 1957 1549 On

218 1579 487 1633 examining
518 1580 666 1632 these,
698 1579 735 1620 it
766 1580 859 1620 will
890 1581 952 1620 be
982 1579 1131 1619 found
1161 1580 1263 1620 that
1292 1581 1447 1620 whole
1478 1593 1628 1634 pages
1660 1579 1713 1620 of
1730 1578 1955 1633 Wyelif⁷s

221 1650 549 1704 explanations
571 1650 695 1690 have
717 1651 843 1690 been
865 1650 1085 1690 annexed
1109 1650 1177 1703 by
1198 1649 1317 1691 Hus.
1349 1650 1507 1690 There
1539 1663 1618 1690 are
1651 1650 1748 1690 also
1781 1647 1956 1689 certain

218 1719 498 1760 theoretical
537 1719 833 1773 expositions
866 1723 1086 1772 amongst
1127 1719 1258 1760 them
1302 1718 1357 1759 of
1392 1718 1557 1770 which,
1609 1719 1682 1760 for
1724 1720 1804 1759 the
1842 1718 1955 1759 sake

221 1789 275 1829 of
302 1803 327 1829 a
355 1792 514 1832 better
546 1788 830 1829 elucidation
862 1788 914 1829 of
939 1789 1020 1829 the
1051 1793 1234 1841 matter,
1271 1788 1294 1829 I
1325 1789 1496 1829 should
1526 1789 1643 1830 wish
1682 1794 1731 1829 to
1764 1788 1876 1843 give
1909 1793 1958 1828 at

218 1860 342 1900 least
372 1872 463 1900 one
496 1859 729 1909 instance3
762 1859 799 1899 it
829 1859 869 1899 is
900 1859 1060 1899 where
1083 1859 1187 1899 Hus
1221 1859 1394 1912 speaks
1424 1860 1570 1899 about
1601 1859 1681 1899 the
1703 1864 1798 1899 two
1832 1863 1956 1899 sorts

222 1928 276 1969 of
303 1929 479 1983 clergy.
513 1928 772 1982 Compare:

612 2046 772 2088 Clerus
802 2048 991 2100 duplex:
1024 2046 1190 2089 Christi
1221 2050 1261 2086 et
1290 2044 1567 2087 Antichristi.

219 2152 416 2202 Wyelif,
449 2155 513 2189 De
536 2154 785 2190 Potestate
813 2154 939 2202 Pape
967 2154 1047 2199 XII,

550 2236 587 2271 Ρ.
620 2235 722 2273 332:

276 2315 370 2351 Ideo
403 2324 564 2364 oportet
603 2316 859 2353 considerare
897 2324 1048 2353 sectam

220 2372 313 2409 cleri
329 2373 546 2422 duplicem,
563 2373 715 2411 scilicet
731 2375 884 2411 clerum
900 2374 1050 2411 Christi

220 2439 258 2466 et
301 2431 452 2468 clerum
495 2432 730 2469 Antichristi
780 2432 905 2481 priori
956 2445 1050 2469 con-

218 2488 398 2529 trarium.
431 2490 569 2527 Clerus
599 2490 746 2527 Christi
774 2490 977 2539 quietatur
1009 2491 1048 2527 in

218 2545 305 2594 ipso
338 2548 468 2595 capite
500 2561 546 2585 ae
583 2548 664 2584 suis
701 2548 866 2597 legibus,
910 2549 1049 2585 Clerus

218 2616 312 2641 vero
364 2605 600 2642 Antichristi
650 2607 712 2643 vel
762 2606 939 2643 totaliter
988 2606 1050 2643 vel

219 2665 562 2710 preponderanter
576 2663 757 2701 innititur
770 2664 922 2713 legibus
936 2664 1049 2701 Anti-

220 2720 372 2770 christi;
396 2730 434 2758 et
454 2730 590 2758 tamen
605 2721 798 2770 palliatur
814 2735 897 2759 esse
919 2723 1046 2759 clerus

220 2777 368 2814 Christi
407 2788 527 2828 atque
572 2780 749 2827 ecclesie,
795 2789 838 2817 ut
875 2781 1047 2828 populus

218 2835 451 2874 simulacius
489 2839 716 2877 seducatur.
771 2840 819 2874 Et
854 2837 929 2875 ista
965 2846 1047 2875 tam

219 2894 422 2940 contraria
444 2904 603 2944 oportet
630 2895 747 2932 inniti
775 2897 932 2932 duobus
955 2908 1050 2932 con-

1296 2154 1410 2199 Hus,
1448 2155 1511 2189 De
1544 2151 1782 2198 Ecclesia,

1379 2222 1445 2261 fol.
1470 2223 1697 2259 CCXXVIa:

1180 2316 1256 2352 Hic
1300 2324 1461 2364 oportet
1510 2314 1762 2352 considerare
1804 2322 1950 2350 sectam

1123 2374 1219 2411 cleri
1234 2374 1450 2422 duplicem,
1467 2373 1619 2410 scilicet
1636 2373 1789 2409 clerum
1806 2371 1952 2409 Christi

1123 2441 1160 2468 et
1193 2432 1343 2468 clerum
1375 2430 1625 2470 Antichristi.

1180 2490 1318 2527 Clerus
1358 2489 1503 2525 Christi
1547 2489 1750 2538 quietatur
1795 2487 1835 2523 in
1879 2500 1950 2524 suo

1123 2547 1252 2596 capite
1274 2547 1434 2584 Christo
1458 2560 1504 2584 ac
1526 2546 1605 2583 suis
1628 2547 1789 2594 legibus,
1813 2545 1950 2582 Clerus

1120 2618 1214 2643 vero
1236 2605 1471 2642 Antichristi
1493 2606 1555 2642 vel
1583 2604 1762 2641 totaliter
1781 2603 1842 2640 vel
1863 2616 1950 2651 pre—

1121 2665 1392 2712 ponderanter
1442 2662 1620 2699 innititur
1675 2662 1828 2710 legibus
1880 2662 1950 2697 hu-

1122 2721 1250 2758 manis
1266 2729 1303 2757 et
1323 2721 1476 2769 legibus
1498 2720 1732 2757 Antichristi
1755 2728 1793 2756 et
1814 2728 1949 2756 tamen

1120 2779 1308 2827 palliatur
1352 2791 1435 2815 esse
1480 2779 1607 2815 clerus
1640 2778 1786 2815 Christi
1829 2785 1947 2825 atque

1122 2836 1299 2883 ecclesie,
1321 2845 1364 2872 ut
1387 2837 1560 2884 populus
1578 2836 1810 2873 simulacius
1833 2836 1948 2871 sedu-

1122 2903 1249 2932 catur.
1283 2896 1331 2931 Et
1359 2894 1435 2932 ista
1455 2903 1538 2931 tarn
1567 2893 1770 2931 contraria
1791 2901 1948 2941 oportet
