2078 3338
206 258 294 285 CAP.
318 246 373 303 v.]
605 259 664 290 DE
691 258 972 290 POTEsTATE
1000 259 1130 290 PAPE.
1763 260 1810 297 91

207 369 427 404 nostram.
472 363 534 403 Et
566 362 604 403 si
637 361 817 402 dicatur
859 363 986 415 quod
1031 362 1166 402 alicui
1198 361 1369 402 clerico
1402 360 1527 400 foret

206 432 372 473 melius
406 431 473 472 sic
508 431 674 482 dotari,
706 444 873 471 revera
902 431 995 471 hoc
1028 436 1102 471 est
1122 431 1262 471 valde
1292 436 1525 470 remotum

209 502 269 542 ad
298 501 594 541 inferendum
626 500 754 553 quod
794 505 944 540 status
985 499 1134 540 dotati
1164 499 1277 540 cleri
1309 499 1370 539 sit
1401 504 1527 539 statu

210 569 588 624 exproprietarie
620 569 826 609 Viventis
858 568 1137 622 perfeccior.
1177 567 1256 610 Sic
1292 568 1414 609 enim
1448 581 1526 608 ex-

177 639 398 693 §pediret
430 639 568 679 alicui
600 638 771 679 clerico
805 639 929 691 quod
961 638 1085 678 foret
1115 639 1293 692 laycus,
1334 651 1444 691 ymo
1477 643 1529 677 ut

211 708 323 749 dicit
346 707 558 749 Christus
587 707 730 748 Math.
755 706 946 747 XVIII:
978 706 1167 760 Expedit
1196 707 1530 748 scandalizanti

209 781 258 818 nt
288 778 598 831 suspendatur
628 778 754 817 mola
785 778 998 818 asinaria
1030 777 1154 817 circa
1185 778 1350 817 collum
1374 765 1470 817 eius
1491 779 1529 817 et

209 848 507 899 demergatur
537 847 584 887 in
611 845 902 900 prosuudum
934 847 1093 887 maris.
1126 846 1230 886 Hoc
1264 851 1338 886 est
1363 858 1527 885 secun-

210 917 319 957 dum
350 917 540 956 beatum
574 914 856 970 Gregorium
887 915 935 955 in
962 916 1038 955 De
1063 914 1184 956 Cura
1204 914 1438 956 Pastorali
1460 914 1526 955 II:

95 995 172 1027 183⁰
211 985 464 1039 expediret
514 986 697 1039 prelato
727 983 732 1037 Ι
760 984 970 1038 prescito
1024 985 1152 1038 quod
1204 986 1265 1024 ob
1320 997 1526 1025 errorem

208 1054 402 1108 laycalis
427 1054 570 1094 officii
593 1054 652 1095 sit
675 1054 966 1107 dampnatus.
991 1053 1100 1094 Non
1126 1053 1270 1107 igitur
1293 1054 1525 1107 sequitur:
1550 1069 1575 1096 It
1595 1076 1665 1104 may
1686 1067 1721 1106 se
1742 1067 1807 1094 best

209 1123 382 1164 Utilius
405 1123 531 1163 foret
551 1124 697 1163 Petro
723 1136 829 1163 esse
851 1122 898 1162 in
926 1127 1051 1163 statu
1083 1123 1177 1176 tali,
1208 1123 1353 1178 igitur
1375 1128 1526 1163 status
1548 1103 1624 1165 msaonr
1640 1111 1670 1164 3>
1682 1110 1776 1175 {¹35¹ss
1799 1145 1815 1163 a

209 1193 287 1233 ille
332 1198 405 1232 est
448 1192 536 1232 alio
570 1198 694 1232 statu
726 1191 1004 1246 perfeccior.
1067 1192 1186 1232 Nam
1222 1192 1356 1232 iuxta
1388 1192 1526 1232 istam
1541 1172 1750 1235 Statihtehiategts.
1766 1176 1818 1199 not

210 1261 447 1302 vesaniam
480 1261 679 1315 quilibet
711 1261 886 1315 gradus
909 1261 1060 1314 turpis
1084 1266 1232 1302 status
1254 1261 1380 1301 foret
1402 1266 1527 1301 statu

159 1333 413 1377 15honesto
445 1330 724 1385 perfeccior‚
758 1331 865 1384 quia
897 1335 1047 1371 status
1078 1331 1355 1384 peffeccior,
1389 1344 1528 1384 quem

213 1405 443 1442 statuatus
476 1400 706 1453 deturpat,
744 1399 857 1440 facit
895 1413 982 1453 per
1012 1400 1233 1440 accidens
1285 1400 1414 1453 quod
1453 1400 1528 1439 de-

212 1468 445 1522 turpatori
475 1469 613 1522 peius
647 1469 846 1518 eveniat,
891 1469 1014 1509 sicut
1055 1468 1340 1510 inferioritas
1379 1474 1529 1509 status

211 1543 376 1592 potest
408 1552 511 1578 cum
544 1538 701 1591 gracia
732 1538 825 1578 Dei
858 1551 964 1578 esse
1011 1551 1150 1579 causa
1181 1552 1269 1591 per
1305 1538 1527 1579 accidens

212 1607 337 1648 unde
366 1608 507 1647 homo
546 1607 745 1660 amplius
776 1612 1031 1657 mereatum
1078 1621 1188 1661 ymo
1221 1620 1421 1648 necesse
1456 1612 1529 1648 est

157 1693 197 1712 20
213 1683 264 1717 ut
295 1682 447 1718 status
479 1676 672 1730 dyaboli
710 1690 765 1717 ac
797 1678 1114 1717 membrorum
1152 1690 1343 1717 suorum
1374 1676 1528 1730 prosit
1578 1684 1683 1746 (1ξέῗέ
1694 1685 1785 1753 gpgfit

211 1760 299 1800 per
330 1746 548 1786 accidens
582 1746 797 1800 ecclesie,
830 1746 952 1786 sicut
973 1752 1122 1787 status
1144 1746 1376 1799 peccandi
1398 1746 1528 1786 Petri
1583 1754 1634 1792 the
1654 1754 1771 1781 church

214 1822 263 1857 et
293 1815 485 1856 aliorum
518 1821 786 1856 sanctorum
810 1816 1068 1856 secundum
1090 1816 1410 1869 Augustinum
1441 1815 1530 1856 fuit
1570 1788 1780 1824 acc1dentally.

212 1886 406 1926 multum
447 1885 719 1939 expediens.
751 1884 990 1938 Numquid
1034 1890 1293 1938 propterea
1322 1885 1528 1925 servabi-

212 1969 314 1997 mus
357 1955 496 1995 talem
541 1956 738 1995 statum?
800 1954 977 1994 Notato
1029 1954 1174 2008 igitur
1216 1954 1295 1995 illo
1342 1955 1528 2007 clerico,

157 2030 352 2077 25quem
395 2024 590 2064 decorat
631 2023 933 2077 imperatoris
979 2023 1181 2073 dotacio‚
1226 2029 1363 2077 patet
1401 2025 1529 2077 quod

211 2094 318 2147 ipse
366 2099 530 2146 posset
588 2107 709 2147 eque
766 2093 999 2146 perficere
1059 2107 1180 2147 opus
1237 2093 1528 2147 predicandi,

214 2163 379 2203 orandi
423 2168 471 2203 et
514 2162 865 2216 contemplandi
910 2162 1011 2204 sine
1043 2168 1172 2203 tanta
1211 2163 1349 2216 copia
1382 2168 1528 2203 terre-

212 2246 391 2286 norum,
416 2246 520 2273 cum
544 2246 682 2273 omne
705 2233 833 2286 quod
866 2245 954 2285 per
988 2246 1039 2273 se
1075 2233 1352 2286 superaddit
1392 2238 1530 2273 sonat

211 2303 259 2343 in
289 2302 450 2342 mundi
479 2302 674 2356 gloriam
709 2307 756 2342 et
786 2302 997 2342 retardat
1027 2304 1085 2342 ab
1121 2302 1279 2342 officio
1315 2302 1529 2355 clericali⁷

157 2379 199 2410 30
214 2372 452 2426 quomodo
495 2371 640 2427 igitur
682 2385 778 2412 non
820 2371 945 2412 foret
978 2377 1129 2413 status
1165 2372 1434 2426 signancius
1468 2385 1527 2412 ex

215 2441 465 2481 dotacione
495 2440 827 2494 imperfeccio?
859 2440 921 2480 Et
951 2440 1076 2480 idem
1109 2446 1182 2482 est
1204 2447 1529 2496 argumentum

215 2510 273 2550 de
305 2523 603 2563 quocumque
635 2509 808 2550 clerico
841 2509 1046 2562 signato;
1081 2523 1142 2550 ex
1175 2523 1267 2563 quo
1293 2509 1529 2562 colligitur

215 2579 343 2633 quod
374 2579 413 2621 si
445 2584 594 2620 status
626 2579 780 2620 tocius
820 2579 932 2619 cleri
964 2579 1113 2620 dotati
1147 2579 1272 2620 foret
1302 2580 1528 2620 alteratus

287 2794 330 2813 10.
351 2786 389 2813 B:
413 2785 534 2814 Clerico
552 2786 697 2820 prescito.
772 2793 821 2813 20.
842 2793 987 2819 suorum;
1006 2785 1114 2813 codd.:
1137 2785 1272 2813 ecclesie.

343 2883 390 2914 St.
410 2883 567 2924 Gregorii
585 2883 636 2914 De
655 2882 747 2913 Cura
765 2883 856 2914 Past.
883 2882 894 2913 I
921 2892 1014 2924 pars,
1041 2892 1116 2924 cap.
1134 2882 1172 2914 11.
1201 2881 1356 2924 Loosely
1383 2883 1527 2924 quoted.
