2078 3338
221 298 240 324 2
253 298 266 324 1
279 297 298 325 2
941 288 1167 321 JOHANNIS
1192 287 1378 320 WYcLlF
1648 273 1754 330 [CAR.
1769 283 1820 311 1x.

511 397 666 438 maius
698 398 760 436 est
784 394 991 448 periculo
1024 394 1116 442 tali,
1149 395 1198 433 ut
1228 393 1300 432 det
1329 392 1563 432 racionem
1588 403 1678 444 pro
1702 391 1827 431 omni

512 467 696 508 ecclesia
739 465 867 518 apud
904 464 1072 504 iustum
1110 463 1319 508 indicem,
1366 461 1457 502 uisi
1477 461 1601 513 forte
1631 461 1708 513 qui
1737 473 1825 501 non

511 536 653 577 credit
673 535 896 575 iudicium
918 533 1018 586 Dei,
1051 545 1130 572 nec
1157 532 1282 572 timet
1313 532 1379 571 uti
1408 532 1595 571 abutens
1615 531 1826 582 primatu

510 618 593 647 suo
627 603 922 646 ecclesiastico
963 602 1231 643 seculariter
1273 604 1500 641 convertat
1536 612 1638 641 eum
1676 601 1723 640 in
1757 612 1825 640 se-

278 684 386 712 Desire
406 684 441 711 of
512 676 728 716 culmem.
760 672 834 712 Ex
864 672 967 713 istis
989 671 1177 711 videtur
1198 670 1364 720 primo,
1399 670 1528 723 quod
1560 682 1655 709 non
1686 669 1798 709 licet
1823 668 1860 724 [ὁ

225 719 736 799 dig11iii22¹ssrx⁶1vhr0ngpapatum
781 742 860 782 vel
905 741 1103 794 aliquam
1148 740 1423 793 dignitatem
1465 738 1829 779 ecclesiasticam
1869 747 1950 784 214n

255 789 316 816 and
338 788 462 817 fOOhSh‘
514 812 756 855 eleccione
788 812 987 851 humana
1020 815 1262 864 appetere,
1297 809 1404 862 quia
1436 814 1486 848 ut
1515 808 1582 848 sic
1604 808 1829 861 primatus

514 884 656 925 stulte
691 895 741 922 se
775 880 1004 934 supponit
1035 879 1264 933 periculo,
1306 879 1448 919 stulte
1481 878 1588 931 quia
1618 891 1714 918 non
1750 878 1830 918 hu-

512 966 646 994 mana
678 951 856 991 eleccio
889 950 1002 990 facit
1031 949 1103 990 ius
1132 948 1420 1002 presidendi‚
1454 949 1539 988 sed
1560 947 1833 1001 promulgat

512 1023 559 1063 in
593 1035 717 1072 casu,
758 1034 850 1074 quo
880 1019 928 1060 in
962 1020 1114 1060 electo
1147 1017 1331 1072 presint
1362 1017 1587 1058 virtutum
1617 1016 1831 1070 insignia,
1851 1033 1889 1054 10

515 1098 563 1133 et
583 1092 778 1144 insuper
801 1088 1046 1130 constituit
1068 1102 1118 1129 se
1144 1086 1482 1141 obligaciorem
1510 1087 1568 1127 ad
1590 1087 1832 1140 populum,

512 1175 602 1202 nec
647 1158 878 1201 accrescit
922 1158 1093 1199 exinde
1131 1157 1389 1211 profectus,
1434 1158 1520 1197 sed
1557 1156 1832 1210 periculum,

515 1237 562 1271 et
592 1231 702 1271 ideo
727 1227 878 1270 sancti
900 1227 1107 1281 apostoli
1128 1240 1223 1267 non
1246 1231 1564 1280 susceperunt
1585 1225 1834 1279 primatum

514 1301 655 1341 talem
688 1300 745 1339 ab
777 1297 980 1340 homine.

232 1379 297 1407 The
318 1378 496 1408 contention
573 1369 776 1410 Videtur
827 1366 1038 1408 secundo
1092 1366 1231 1419 quod,
1284 1366 1384 1406 sive
1434 1365 1681 1406 Robertus
1733 1364 1834 1405 sive
1852 1371 1889 1403 τῇ

255 1413 477 1484 pzfptefsserriivrizls
515 1439 750 1488 Urbanus,
773 1437 875 1478 sive
892 1436 1176 1490 quicumque
1195 1436 1326 1487 alius,
1350 1434 1535 1489 appetit
1557 1434 1623 1475 sic
1638 1447 1835 1488 preesse

261 1484 464 1546 Aiifcrlirissts.
519 1508 720 1550 ecclesie
751 1506 944 1562 Angfie,
983 1506 1167 1559 signum
1204 1505 1451 1559 probabile
1493 1510 1566 1545 est
1615 1505 1744 1558 quod
1777 1504 1837 1545 sit

516 1577 729 1632 fugibilis
761 1576 1104 1627 Antichristus3
1143 1576 1268 1616 unde
1300 1576 1469 1615 beatus
1503 1574 1836 1628 Crysostomus

516 1648 598 1689 ubi
631 1660 795 1701 supra:
836 1645 1114 1700 Quicumque
1145 1646 1471 1686 desideraverit
1495 1645 1757 1698 primatum
1790 1645 1838 1684 in

516 1723 657 1770 terra,
702 1718 897 1758 inveniet
933 1716 1242 1769 confusionem
1282 1716 1329 1756 in
1362 1716 1463 1768 celo,
1508 1718 1556 1755 ut
1586 1715 1683 1755 iarn
1722 1715 1840 1755 iuter
1855 1730 1896 1752 20

516 1801 670 1830 servos
705 1786 875 1830 Christi
919 1798 1007 1827 nort
1051 1787 1110 1827 sit
1141 1786 1195 1826 de
1218 1786 1433 1839 primatu
1464 1788 1706 1836 certamen,
1750 1796 1839 1824 rzon

519 1859 706 1911 festinet
727 1857 1046 1910 unnsquisque,
1067 1857 1289 1909 quomodo
1305 1856 1413 1896 aliis
1432 1855 1587 1896 maior
1602 1857 1838 1907 appareat,

518 1930 598 1970 sed
635 1928 857 1981 quomodo
897 1927 1107 1968 omnihus
1137 1925 1336 1978 inferior
1367 1926 1585 1976 videatur,
1622 1924 1838 1977 quoniam

519 2011 607 2039 uon
630 1998 706 2050 qni
728 1997 883 2038 maior
902 1996 1053 2048 fuerit
1083 1997 1131 2036 in
1162 1996 1328 2036 honore
1360 1995 1433 2036 ille
1466 1998 1528 2035 est
1555 1995 1730 2047 iustior,
1761 1993 1840 2034 sed

520 2068 596 2121 qui
632 2066 828 2118 inferior
859 2066 1010 2118 fuerit
1045 2066 1115 2106 hic
1153 2068 1215 2106 est
1251 2065 1415 2106 maior.
1467 2063 1584 2104 Ideo
1616 2063 1838 2117 primatus
1855 2068 1895 2101 25

520 2138 568 2178 in
611 2137 791 2191 populo
836 2149 932 2176 non
976 2140 1048 2176 est
1081 2136 1136 2175 ab
1171 2134 1325 2188 aliquo
1366 2133 1676 2188 appetendus.
1716 2133 1839 2187 Quo-

521 2208 663 2248 modo
706 2206 851 2259 igitur
897 2219 990 2246 non
1031 2204 1228 2245 habebit
1273 2204 1474 2244 ecclesia
1508 2209 1670 2244 nostra
1701 2204 1840 2244 talem

524 2282 814 2330 suspectum,
860 2275 940 2329 qui
986 2280 1034 2315 et
1076 2274 1230 2315 nescit
1266 2274 1406 2314 fidem
1445 2273 1678 2327 scripture
1711 2278 1758 2314 et
1790 2286 1841 2313 se

522 2346 677 2401 ipsum
719 2346 798 2386 vel
839 2344 1062 2385 familiam
1114 2357 1242 2385 suam
1285 2343 1515 2397 privatam
1558 2356 1742 2396 regere,
1795 2347 1843 2382 et

523 2422 680 2457 tamen
710 2414 938 2469 presumit
970 2428 1021 2455 se
1055 2413 1319 2467 digniorem
1353 2413 1557 2453 sciencia
1584 2418 1630 2453 et
1652 2413 1841 2462 virtute,
1859 2416 1900 2448 30

301 2504 444 2538 Primacy
524 2491 576 2526 ut
595 2489 733 2539 regat
752 2489 929 2525 tantam
954 2482 1230 2523 ecclesiam?
1263 2482 1453 2523 Utinam
1477 2482 1677 2523 ecclesia
1697 2482 1844 2522 vellet

260 2539 493 2609 resfflri'ii'lffiiny
526 2555 685 2595 dicere
718 2554 889 2595 talibus
923 2552 1210 2594 sentenciam
1235 2551 1407 2593 Christi
1440 2557 1487 2592 et
1516 2551 1645 2592 beati
1675 2551 1842 2605 Cryso-

238 2609 287 2636 fot·
307 2608 392 2636 souls
412 2612 442 2635 at
460 2610 511 2635 tue
653 2624 667 2637 .,
973 2636 976 2638 ¹
1085 2622 1093 2630 .
1424 2621 1431 2629 .

259 2642 499 2678 judgmentand
526 2630 683 2665 stoml:
728 2624 808 2664 Ad
845 2623 987 2664 talem
1024 2628 1273 2676 prlmatum
1311 2626 1520 2675 pertmet
1550 2621 1842 2674 respondere

241 2677 450 2740 snvscesgrlggfe
471 2684 632 2735 onDeo
666 2706 754 2746 pro
789 2692 1031 2733 animabus
1064 2691 1155 2732 sibi
1187 2690 1389 2732 subditis
1420 2691 1467 2731 in
1502 2690 1575 2730 die
1609 2690 1769 2731 iudicii
1798 2695 1845 2730 et

528 2762 705 2803 servire
727 2762 818 2803 illis
842 2760 1117 2815 evangelice
1139 2760 1422 2801 laboriosius
1452 2765 1592 2813 atque
1613 2759 1843 2810 humilius,
1861 2765 1900 2798 35

599 2929 642 2949 10.
665 2920 703 2948 B:
725 2928 837 2954 causu,·
857 2920 897 2947 ib.
920 2919 1037 2948 Codd.:
1054 2918 1185 2956 prefuit.
