2078 3338
234 266 314 304 290
957 263 1181 294 JOHANNJs
1208 261 1392 294 WYCLIF
1653 249 1760 306 [CAP.
1781 260 1833 288 xi.

265 376 462 440 affgggzsgvteo
518 372 753 420 tamquam
794 366 918 419 layci
962 367 1181 422 legentes
1225 366 1382 407 literas
1421 379 1613 420 quarum
1645 379 1835 407 sensum

295 447 366 475 sites
386 447 445 474 and
518 436 767 488 nescimus,
810 435 945 476 nimis
979 436 1303 490 appreciamur
1335 436 1609 476 cerimonias
1649 441 1698 476 et
1730 449 1834 476 sen-

237 482 297 510 and
318 486 496 510 vestments.
520 505 671 546 sibilia
712 505 979 546 humanitus
1023 505 1240 547 instituta
1284 511 1335 547 ut
1366 507 1473 559 plus
1517 506 1834 559 ponderamus

521 576 649 628 quod
682 576 784 615 alba
827 575 1087 616 sacerdotis
1125 575 1298 629 anglici
1328 576 1502 617 habeat
1544 575 1592 615 in
1638 575 1836 615 sinistris

519 645 725 685 humeris
783 645 1078 686 biffurcatam
1136 646 1425 697 varietatem,
1487 643 1868 698 superinfictam5

521 715 778 755 secundum
821 715 1016 755 formam
1047 715 1314 756 humanitus
1348 714 1655 767 adinventam,
1700 726 1836 767 quam

521 784 848 838 appreciamur
897 784 1097 838 primum
1148 785 1414 825 mandatum
1467 783 1696 837 decalogi.
1754 782 1838 823 Illa

522 853 644 894 enim
693 854 850 907 signat
893 854 1175 895 divisionem
1219 854 1476 908 Anglorum
1520 867 1547 893 a
1589 853 1683 893 fide
1725 857 1838 906 post

519 923 741 965 Britones
793 937 944 977 usque
989 925 1046 964 ad
1090 930 1278 977 tempus
1324 923 1559 977 Gregorii,
1613 935 1706 976 quo
1749 935 1838 975 per

523 993 622 1033 eius
647 993 907 1046 discipulos
931 998 1040 1034 sunt
1063 993 1294 1036 conversi.
1328 993 1389 1034 Et
1409 1006 1577 1033 revera
1597 992 1687 1032 iste
1719 991 1836 1032 ritus
1858 1009 1895 1030 10

521 1063 666 1103 debet
697 1062 984 1116 generaliter
1014 1063 1061 1103 in
1094 1063 1310 1103 omnibus
1345 1061 1609 1103 christianis
1642 1061 1761 1102 trahi
1790 1061 1838 1101 in

521 1146 830 1185 communem3
856 1133 944 1173 alie
960 1132 1183 1173 naciones
1197 1146 1348 1186 usque
1364 1133 1423 1173 ad
1439 1133 1707 1173 Romanum
1722 1144 1837 1185 pon-

519 1203 692 1244 tificem
720 1203 898 1243 debent
924 1202 1070 1243 instar
1098 1202 1265 1243 ribaldi
1286 1202 1570 1244 vestimenta
1585 1200 1836 1242 christiani-

519 1274 627 1314 tatis
659 1287 828 1328 gerere
863 1286 968 1313 cum
999 1273 1184 1325 labello,
1216 1278 1267 1314 ut
1300 1273 1339 1313 si
1369 1273 1460 1314 iste
1482 1285 1609 1326 papa
1641 1273 1837 1312 haberet

518 1350 591 1384 tot
642 1343 970 1384 commissuras
1012 1343 1061 1383 in
1111 1343 1340 1398 vestibus,
1393 1342 1620 1397 quociens
1673 1341 1836 1395 aliquis
1859 1347 1893 1379 15

518 1426 642 1466 papa
672 1427 699 1453 a
728 1413 823 1453 fide
857 1412 1092 1466 ceciderit,
1125 1412 1229 1466 ipse
1262 1413 1386 1454 forte
1409 1418 1604 1466 gereret
1633 1411 1837 1453 tunicam

518 1483 732 1537 pictaciis
776 1489 1018 1524 consutam
1052 1489 1101 1523 et
1145 1497 1239 1523 non
1270 1483 1474 1524 tunicam
1505 1481 1837 1523 inconsutilem

519 1553 660 1594 Ihesu
691 1553 855 1595 nostri.
900 1553 962 1594 Et
996 1553 1064 1593 sic
1107 1558 1243 1606 patet
1274 1552 1454 1593 falsitas
1485 1553 1533 1593 in
1563 1551 1710 1606 signis
1744 1551 1835 1604 epi-

521 1622 790 1676 scopalibus
822 1622 1118 1663 introductis.

290 1700 370 1728 Now
390 1703 440 1728 the
576 1692 717 1733 Unde
739 1693 935 1733 baculus
953 1692 1112 1746 signat
1126 1692 1331 1745 pastoris
1350 1692 1555 1733 officium
1579 1692 1635 1733 ad
1657 1691 1834 1732 minan·
1852 1705 1893 1726 20

234 1736 504 1806 a⁵1¹1gi¹1¹1ii÷⁶ssi¹s⁶1i³ogfs
521 1763 628 1803 dum
674 1768 722 1803 et
775 1763 1258 1816 conprehendendum
1311 1776 1427 1803 oves
1479 1762 1732 1813 morbidas,
1784 1766 1836 1801 ut

244 1811 480 1884 isogiiaixssffitio
520 1838 753 1881 sanentur,
788 1833 873 1873 sed
906 1838 1161 1887 postquam
1195 1846 1371 1875 corona
1400 1833 1559 1873 baculi
1589 1845 1730 1873 versa
1763 1838 1836 1873 est

333 1878 401 1906 eva.
517 1902 564 1942 in
609 1916 769 1943 aurum
812 1902 1084 1957 preciosum
1111 1901 1117 1958 Ι
1147 1908 1194 1943 et
1236 1902 1459 1956 frigidum
1501 1903 1752 1943 formasset
1786 1902 1834 1942 in
1878 1905 1956 1938 233⁰

516 1972 713 2026 figuram
757 1972 1055 2013 artificiosam
1100 1972 1455 2013 adinvencionis
1497 1973 1712 2023 humane,
1758 1973 1833 2012 de—

518 2043 737 2095 dignatur
781 2049 945 2096 pastor
990 2056 1208 2083 cesareus
1251 2042 1597 2095 refrigescente
1643 2042 1833 2083 caritate
1851 2045 1890 2075 25

517 2126 673 2153 curam
706 2113 1014 2167 apostolicam
1037 2112 1207 2154 ovibus
1232 2112 1404 2153 Christi
1426 2112 1716 2166 impendere,
1748 2113 1834 2152 sed

515 2182 561 2222 in
595 2182 856 2223 subtilitate
889 2181 1114 2223 secularis
1148 2181 1293 2222 officii
1325 2181 1567 2235 sigillatur.

262 2260 329 2288 Tne
351 2260 457 2289 Cross.
574 2252 635 2292 Et
649 2252 716 2292 sic
732 2251 932 2292 sentitur
947 2252 1005 2292 de
1021 2264 1172 2301 cruce,
1194 2265 1281 2305 per
1296 2264 1434 2305 quam
1451 2251 1647 2305 sequela
1662 2250 1833 2292 Christi

515 2323 562 2362 in
606 2321 827 2375 passione
873 2322 1038 2363 saltem
1079 2321 1228 2362 carnis
1275 2320 1592 2361 crucifixionis
1631 2326 1833 2371 notatur,

515 2390 774 2446 prepositis
819 2391 1018 2432 cesareis
1066 2404 1252 2432 auream
1304 2404 1489 2431 crucem
1538 2390 1833 2443 habentibus,
1850 2394 1892 2426 30

516 2461 707 2514 laucius,
755 2461 1076 2515 sumptuosius
1122 2466 1169 2501 et
1202 2460 1459 2501 studiosius
1500 2473 1637 2501 carne
1668 2459 1832 2513 pastis,

278 2540 451 2575 TheRing.
517 2531 802 2571 Preciositas
853 2545 969 2572 vero
1035 2531 1160 2571 anuli
1219 2531 1347 2571 aurei
1396 2531 1680 2584 ingemmata
1738 2542 1833 2570 non

518 2601 674 2654 signat
704 2614 817 2641 vere
851 2600 1280 2655 desponsacionem
1311 2600 1482 2655 prelati
1515 2613 1619 2640 cum
1651 2611 1831 2653 sponso

518 2670 721 2710 ecclesie
754 2675 833 2711 aut
861 2670 1032 2712 Christi
1055 2670 1238 2723 ovibus,
1270 2670 1356 2711 sed
1379 2669 1704 2710 affidacionem
1729 2681 1832 2709 cum

588 2861 629 2882 12.
655 2854 771 2882 Codd.:
798 2862 969 2883 comanam.
1048 2863 1095 2882 20.
1123 2856 1152 2882 A
1178 2855 1209 2882 in
1236 2863 1351 2890 marg:
1379 2855 1523 2882 Baculus.
1600 2853 1648 2882 28.
1670 2854 1771 2882 Codd.
1800 2855 1831 2882 in

516 2909 630 2936 marg:
654 2900 738 2928 Crux
757 2902 979 2937 episcoporum.
1054 2901 1103 2930 32.
1127 2901 1226 2929 Cocld.
1249 2902 1279 2929 in
1301 2910 1415 2936 marg.:
1437 2902 1563 2929 Anulus.
