2078 3338
258 260 346 288 CAP·
367 253 421 305 X-]
657 264 716 295 DE
743 264 1025 296 POTESTATE
1051 265 1181 297 PAPE.

256 380 581 420 recompensa.
615 367 794 408 Dicunt
822 369 1032 408 secundo
1063 368 1191 422 quod
1218 368 1390 408 nedum
1421 369 1574 409 catho-

255 436 345 476 lice
378 437 463 477 sed
494 436 659 477 melius
684 450 822 490 quam
854 437 996 477 modo
1031 443 1393 478 conversaretur
1424 437 1576 477 fidelis

258 505 460 546 ecclesia
483 519 783 560 quocumque
811 520 936 560 papa
959 520 1152 547 cesareo
1187 507 1435 559 subducto,
1470 507 1578 560 quia

258 576 366 617 Act.
398 575 482 625 IV,
522 589 567 615 12
615 575 795 627 dicitur,
841 577 969 629 quod
1012 589 1102 617 uon
1140 580 1202 617 est
1246 578 1376 617 aliud
1413 588 1576 617 nomen

225 645 337 685 §sub
380 646 483 698 celo,
527 646 576 686 in
617 658 701 698 quo
748 649 919 699 oportet
960 659 1041 686 uos
1083 643 1234 687 salvos
1268 646 1384 697 fieri
1421 649 1578 698 preter

256 727 420 755 nomen
463 715 640 756 domini
694 714 832 756 leesu
881 714 1061 757 Christi.
1113 715 1176 755 Et
1220 715 1383 755 dicunt
1424 714 1575 756 tercio

258 784 388 837 quod
437 785 685 838 pensando
737 784 963 825 virtutum
1013 784 1217 838 insignia
1267 775 1578 838 probabiliter

255 858 478 906 reputant
509 853 752 894 Urbanum
792 860 1007 895 nostrum
1038 867 1202 894 verum
1240 864 1426 907 papam,
1473 867 1576 894 cum

258 936 421 963 omnes
455 923 605 964 sancti
637 923 853 977 episcopi
887 928 1019 964 erant
1049 936 1188 977 pape,
1228 929 1277 964 et
1307 923 1577 965 Robertum

204 1009 243 1030 10
257 1005 352 1033 non
401 998 624 1046 reputant
676 992 900 1047 explicite
957 1006 1128 1046 papam
1180 993 1258 1033 vel
1318 994 1577 1033 membrum

258 1066 420 1102 sancte
466 1062 680 1111 ecclesie,
726 1062 831 1115 quia
869 1063 917 1102 in
946 1062 1023 1102 De
1055 1061 1230 1102 Verbis
1262 1062 1455 1103 Domini
1486 1076 1578 1103 ser-

256 1144 396 1172 mone
409 1131 522 1172 LIII
544 1131 611 1171 sic
634 1131 876 1172 scribitur:
903 1131 1050 1184 Caput
1072 1132 1240 1172 humile
1263 1135 1300 1172 et
1323 1133 1578 1173 membrum

256 1201 504 1254 superbum
538 1202 676 1246 absit,·
717 1212 806 1241 mm
845 1202 938 1241 vult
975 1213 1068 1242 esse
1106 1202 1160 1241 de
1197 1213 1387 1254 corpore
1417 1202 1581 1254 capitis

260 1269 441 1321 Christi,
460 1271 569 1323 quia
584 1274 713 1311 amat
733 1271 1008 1323 superbiam.
1031 1269 1172 1310 Unde
1196 1283 1299 1310 cum
1323 1271 1580 1311 secundum

205 1340 462 1381 15eundem
494 1340 818 1393 Augustinum
863 1353 1081 1380 sermone
1124 1340 1162 1380 L
1207 1339 1419 1381 Christus
1465 1354 1579 1381 vere

257 1410 459 1464 loquens
492 1410 552 1450 de
585 1410 963 1463 quibuscumque
994 1409 1279 1463 pastoribus,
1314 1424 1417 1450 cum
1449 1411 1496 1451 in
1528 1423 1580 1451 se

257 1480 401 1520 habet
434 1492 598 1520 omnes
630 1485 849 1533 pastores
882 1481 1034 1519 bonos
1057 1492 1171 1519 vere
1195 1479 1325 1521 dicit:
1357 1480 1451 1533 Ego
1474 1492 1580 1521 sum

257 1562 390 1600 uuus,
412 1562 589 1591 meeum
612 1563 768 1590 omues
789 1550 838 1590 in
863 1550 1031 1590 unitate
1045 1562 1181 1590 unum
1197 1553 1312 1590 suut.
1336 1550 1578 1591 Prescitus

259 1625 415 1660 autem
449 1633 553 1660 cum
587 1619 648 1660 sit
677 1620 937 1660 membrum
970 1619 1172 1673 dyaboli,
1212 1633 1307 1660 non
1341 1620 1581 1674 compagi-

203 1706 244 1727 20
257 1695 396 1731 natur
428 1690 640 1730 ordinate
670 1689 779 1729 huic
812 1689 966 1743 capiti.

317 1759 460 1801 Istam
505 1764 660 1799 autem
703 1759 972 1814 negativam
1018 1759 1121 1799 dico
1166 1759 1414 1812 opinando,
1460 1758 1582 1800 sicut

260 1835 391 1870 secta
434 1830 580 1869 altera
622 1829 777 1882 possit
821 1829 1052 1870 catholice
1086 1829 1243 1870 dicere
1277 1829 1582 1870 conformiter

139 1908 223 1940 225⁰
262 1900 319 1939 de
343 1899 548 1940 Urbano.
578 1897 584 1954 Ι
611 1899 727 1939 Ideo
752 1904 958 1952 oportet,
992 1900 1121 1952 quod
1154 1912 1301 1953 opera
1321 1898 1445 1939 iusta
1467 1900 1581 1940 dent

257 1969 399 2010 fidem
450 1974 667 2023 papatus,
735 1982 839 2009 cum
891 1969 1031 2009 nichil
1076 1970 1136 2010 sit
1179 1969 1388 2009 fallacius
1443 1983 1581 2023 quam

203 2040 457 2080 25humana
504 2039 681 2079 eleccio
729 2044 777 2079 et
814 2038 1009 2080 tradicio
1053 2039 1318 2092 phariseica
1357 2053 1461 2079 cum
1493 2052 1579 2079 suo

257 2108 443 2149 iudicio.
505 2108 623 2148 Nam
675 2109 865 2149 easdem
917 2108 1202 2149 tradiciones
1253 2109 1399 2148 habet
1450 2113 1581 2148 secta

259 2178 467 2219 Roberti
519 2189 563 2218 et
615 2183 790 2228 nostra,
853 2184 900 2218 et
951 2184 1108 2219 tamen
1157 2178 1204 2218 in
1254 2178 1429 2218 iudicio
1485 2191 1579 2230 quo

258 2248 461 2289 maxime
493 2249 729 2289 servirent
762 2248 964 2289 ecclesie
997 2254 1107 2289 sunt
1129 2248 1308 2289 directe
1341 2248 1581 2301 opposite,

261 2324 309 2358 et
353 2319 544 2359 indubie
588 2325 754 2359 neutra
805 2332 915 2372 pars
966 2318 1125 2359 noscit
1168 2318 1459 2358 evidenciam
1505 2317 1581 2357 vie

204 2396 358 2441 3osue,
391 2389 647 2442 theologus
693 2394 848 2429 autem
890 2394 1102 2429 neutram
1141 2393 1317 2428 sectam
1349 2388 1582 2441 dampnat,

261 2459 347 2499 sed
360 2458 506 2499 instar
519 2459 751 2499 libertatis
768 2458 1125 2499 christianorum
1147 2458 1362 2512 primeve
1379 2457 1581 2497 ecclesie

262 2527 374 2569 dicit
407 2529 537 2582 quod
568 2534 766 2582 utraque
797 2541 907 2582 pars
941 2534 1104 2582 potest
1126 2528 1255 2567 viare
1285 2527 1396 2568 satis
1430 2527 1580 2567 catho-

260 2597 363 2648 lice,
397 2604 444 2638 et
476 2598 577 2638 sive
610 2604 716 2639 uter
749 2611 911 2638 eorum
945 2598 1108 2638 credat
1141 2597 1380 2650 explicite,
1415 2602 1462 2637 et
1485 2596 1580 2649 qui-

334 2812 377 2832 12.
398 2805 427 2833 A
446 2805 477 2832 in
498 2812 613 2840 marg:
634 2803 789 2832 Prescitus
808 2812 870 2831 non
890 2806 938 2831 est
954 2804 1128 2832 membrum.

338 2898 387 2921 ιι.
414 2888 505 2930 Opp.
531 2894 617 2922 tom.
636 2889 678 2932 V⁷
710 2887 806 2929 1375.
908 2895 957 2929 ¹5·
983 2888 1067 2922 lbid.
1095 2898 1174 2931 pag.
1201 2887 1280 2930 671.

1783 267 1861 305 255

1651 736 1707 764 We
1727 737 1814 764 ihink

1656 773 1759 799 Urban
1781 773 1807 799 is

1634 807 1784 842 probably
1804 815 1820 833 a

1597 846 1664 869 true
1686 849 1777 876 pope,
1798 841 1856 868 and

1608 878 1673 903 tbat
1692 876 1804 903 Robert
1823 876 1849 903 is

1636 916 1688 938 not
1708 919 1782 938 even
1804 919 1820 937 a

1601 946 1738 973 member
1759 946 1792 972 of
1809 946 1858 972 the

1662 981 1797 1009 Chul-ch.

1631 1781 1743 1809 Others
1765 1790 1836 1819 may

1653 1817 1740 1843 think
1760 1818 1811 1855 the

1662 1857 1814 1887 opposne.
