2078 3338
248 312 301 345 20

269 1324 352 1352 Four
371 1325 491 1351 lessons

258 1360 339 1387 from
362 1359 491 1386 Christ's

321 1395 437 1422 words.

963 307 1189 339 JOHANle
1215 306 1400 338 WYCfflF
1693 295 1800 352 [CAP.
1822 306 1844 333 1.

532 417 583 451 ut
615 411 891 452 ostendatur
923 411 1023 451 eius
1055 411 1228 452 miticia
1249 411 1391 452 Math.
1412 410 1525 463 XII,
1552 425 1599 463 19
1631 411 1844 452 recitata:

531 480 679 534 Neqne
701 481 865 532 aliquis
885 481 933 521 in
954 482 1121 533 plateis
1140 481 1294 521 audiet
1312 493 1464 521 vocern
1486 482 1596 530 eins,
1629 487 1676 521 et
1696 480 1843 521 tercio

531 555 583 590 ut
614 550 786 590 doceat
828 550 1067 604 quomodo
1100 549 1305 590 verbalis
1338 549 1583 590 contencio
1624 556 1697 590 est
1728 563 1845 603 sepe

530 620 725 666 inutilis;
771 625 819 660 et
859 620 969 660 ideo
1018 620 1205 673 quando
1253 618 1453 673 expedit
1495 625 1568 660 est
1599 619 1845 660 silendum.

531 689 647 729 Ideo
693 689 751 729 ad
792 689 1054 729 tollendum
1089 688 1342 729 instancias
1381 690 1439 729 de
1470 688 1738 729 huiusmodi
1767 696 1878 729 ne—5

531 758 705 812 gativis
752 758 865 799 dicit
909 759 1206 812 Augustinus
1263 758 1391 812 quod
1434 759 1720 812 generaliter
1756 770 1846 799 non

529 829 644 869 sient
686 841 793 870 rens
834 830 902 870 vel
945 830 1128 870 dolosas
1158 829 1392 881 obmutuit,
1435 830 1511 869 sed
1540 828 1655 869 sient
1685 837 1846 881 agnus,

529 899 609 939 hoc
640 902 702 939 est
731 899 922 951 simplex
953 903 991 938 et
1021 899 1243 950 innocens,
1272 911 1362 939 non
1395 899 1575 951 apernit
1606 911 1656 939 os
1695 911 1845 939 snum.

529 967 780 1021 Nunquam
813 968 934 1008 enim
966 969 1249 1022 loquebatur
1279 969 1551 1009 excusando
1585 981 1636 1008 se
1670 969 1729 1009 de
1760 981 1845 1008 suo

532 1037 735 1089 crimine,
769 1037 890 1078 sicut
920 1052 1156 1092 nunquam
1187 1038 1334 1078 tacuit
1363 1051 1452 1092 pro
1485 1051 1571 1079 suo
1603 1043 1753 1086 reatu;
1799 1043 1848 1077 et
1867 1054 1905 1075 10

531 1107 599 1147 sic
649 1107 905 1161 utrobique
955 1114 1049 1148 tam
1101 1107 1201 1148 eius
1253 1107 1498 1148 silencium
1555 1121 1695 1161 quam
1747 1107 1846 1147 eius

530 1177 782 1231 responsio
805 1183 1006 1231 propter
1026 1178 1177 1218 latens
1193 1177 1450 1218 misterium
1473 1183 1548 1218 est
1567 1177 1844 1228 notandum

530 1249 621 1302 nbi,
651 1248 815 1301 inquit,
847 1261 936 1289 non
966 1249 1202 1301 respondit
1231 1249 1347 1289 sient
1376 1249 1474 1289 ovis
1503 1249 1674 1301 silebat,
1707 1251 1745 1287 et
1771 1248 1848 1287 nbi

530 1319 762 1370 respondit
809 1319 925 1359 sient
968 1322 1132 1370 pastor
1182 1319 1375 1358 docebat.
1438 1317 1689 1358 Discamns
1739 1325 1846 1369 ergo

531 1392 731 1440 quatuor
750 1387 990 1439 veritates,
1024 1401 1138 1441 quas
1169 1393 1334 1440 pastor
1353 1387 1400 1427 in
1427 1386 1741 1441 responsione
1763 1399 1847 1427 sua
1866 1393 1902 1425 15

532 1457 761 1507 docuerit,
792 1457 944 1510 primo
978 1457 1118 1498 docet
1149 1457 1362 1507 dicendo,
1400 1459 1518 1510 qnod
1547 1470 1637 1498 non
1669 1458 1847 1497 haberet

525 1530 792 1580 potestatem
815 1528 907 1567 nisi
929 1528 1089 1568 datmn
1112 1531 1222 1568 esset
1251 1528 1337 1567 sihi
1363 1529 1569 1580 desuper,
1601 1526 1730 1580 quod
1759 1536 1848 1579 per

529 1597 819 1650 Apostolum
863 1610 997 1636 suum
1043 1596 1215 1648 docuit,
1258 1598 1377 1649 qnod
1405 1595 1409 1651 Ι
1437 1609 1526 1637 non
1558 1600 1621 1637 est
1649 1599 1848 1649 potestas
1890 1602 1967 1635 166³

529 1668 621 1707 nisi
651 1680 681 1706 a
712 1666 820 1707 Deo.

588 1734 810 1777 Secundo
844 1736 986 1777 docet
1019 1737 1146 1789 quod
1186 1737 1296 1789 plns
1332 1739 1490 1789 peccat
1520 1737 1598 1788 qni
1634 1736 1847 1788 potestati
1862 1753 1905 1775 20

528 1807 807 1848 innocentem
829 1807 1123 1847 occidendam
1147 1807 1285 1848 livore
1311 1807 1454 1846 tradit
1479 1818 1618 1858 qnam
1646 1808 1847 1858 potestas

527 1877 645 1929 ipsa,
684 1889 787 1917 cnm
827 1888 929 1916 enni
961 1878 1125 1917 timore
1156 1877 1347 1917 alterins
1384 1876 1580 1916 maioris
1614 1876 1848 1928 potestatis

527 1946 709 1995 occidit,·
754 1949 1012 1999 propterea,
1063 1945 1233 1999 inquit,
1296 1947 1374 1998 qni
1416 1945 1611 1986 tradidit
1653 1957 1725 1985 me
1767 1944 1846 1984 tihi

528 2016 682 2056 rnains
706 2018 948 2068 peceatnrn
979 2015 1116 2056 habet.

583 2085 645 2126 Et
674 2090 808 2138 patet
839 2085 1002 2136 tercio,
1036 2085 1276 2138 quomodo
1303 2098 1475 2125 vanum
1509 2090 1582 2125 est
1613 2098 1843 2125 excusare
1861 2092 1901 2125 25

525 2154 727 2195 Pilatum
751 2168 775 2195 a
798 2155 989 2195 crimine
1022 2156 1107 2195 sed
1129 2155 1278 2209 magis
1312 2160 1385 2195 est
1406 2168 1578 2195 vanum
1611 2168 1841 2198 excusare

524 2224 831 2265 maioritatem
861 2225 1048 2278 peccati
1078 2224 1125 2265 in
1157 2226 1418 2265 sacerdote.

585 2294 764 2347 Quarto
796 2308 913 2335 vero
957 2294 1165 2335 innuitur
1210 2295 1450 2348 quomodo
1497 2294 1601 2348 quis
1647 2299 1721 2335 est
1754 2295 1841 2334 sub

525 2364 716 2405 alterius
759 2370 1017 2418 potestate,
1064 2370 1111 2405 et
1142 2365 1271 2418 quod
1302 2369 1580 2418 potentatus
1627 2363 1844 2417 superior

524 2448 619 2475 non
652 2440 727 2477 est
765 2449 820 2476 eo
857 2435 964 2488 ipso
999 2435 1261 2488 culpandus
1295 2448 1388 2488 quo
1420 2433 1615 2474 inferior
1651 2433 1844 2473 excedit
1860 2440 1901 2472 30

595 2651 610 2671 2
644 2645 672 2670 A
692 2643 721 2670 in
744 2651 857 2679 marg:
883 2651 916 2678 3.
995 2651 1038 2677 14.
1061 2644 1082 2670 Β
1102 2643 1132 2670 in
1155 2650 1268 2678 marg.:
1299 2642 1443 2678 Qualuor
1466 2642 1620 2670 veritates.
1697 2641 1740 2669 16.
1763 2641 1784 2667 Β
1810 2640 1841 2667 in

524 2698 637 2725 marg:
662 2698 684 2718 1.
760 2697 802 2725 19.
827 2690 849 2717 B
874 2690 904 2716 in
926 2698 1022 2725 marg.
1034 2700 1046 2730 ει
1068 2696 1096 2716 2.
1171 2697 1216 2718 21.
1246 2689 1364 2716 Codd.:
1394 2697 1460 2715 cum
1486 2688 1585 2728 enim;
1615 2687 1655 2715 ib.
1679 2687 1843 2722 potestatis

524 2738 607 2764 deest
638 2737 669 2764 in
698 2737 789 2764 codd.
822 2736 940 2763 Addidi
970 2744 985 2763 e
1012 2740 1095 2763 textu
1125 2736 1169 2764 St.
1200 2735 1379 2770 Augustini.
1464 2742 1512 2769 24.
1544 2734 1565 2761 Β
1594 2734 1625 2761 in
1656 2741 1770 2769 marg:
1806 2741 1840 2768 3.

524 2783 572 2811 30.
594 2784 647 2811 ΑΒ
668 2783 698 2810 in
720 2791 835 2818 marg:
859 2782 975 2810 Pilatus
993 2782 1101 2809 habuit
1115 2785 1302 2818 potestatem
1322 2785 1351 2809 et
1364 2781 1515 2817 peccavit.

598 2888 647 2920 13.
667 2880 751 2912 lbid.
853 2887 901 2918 19.
921 2880 1023 2911 Rom.
1039 2879 1125 2915 XIII,
1146 2889 1172 2912 1.
1271 2888 1323 2918 24.
1342 2876 1526 2916 Joh.X1X‚
1548 2887 1596 2907 11.
1693 2884 1747 2916 30.
1768 2877 1837 2907 Au-

524 2940 683 2980 gustinus
709 2944 746 2969 ut
771 2949 885 2980 supra.
