2078 3338
280 267 359 305 302

331 378 454 412 Danger
474 376 508 404 of

324 413 415 446 using
435 412 507 439 such

363 448 455 474 titles.

289 1418 315 1445 It
334 1418 359 1445 is
380 1418 446 1446 said
466 1418 530 1445 that

290 1454 340 1480 the
362 1453 524 1489 hietat-chy

336 1488 362 1514 is
383 1492 413 1514 10
432 1488 482 1515 the

290 1522 411 1549 honour
431 1523 466 1550 of
480 1524 531 1549 the

343 1557 477 1584 Churcli.

1005 261 1232 294 JOHANNJS
1260 260 1452 293 WYCLlF
1709 249 1815 306 [CAP.
1838 260 1891 287 XI.

567 366 701 407 Licet
745 366 866 406 enim
912 370 1112 419 possent
1154 365 1242 405 hec
1285 364 1472 405 nomina
1515 378 1625 406 sane
1669 365 1880 419 intelligi,

566 434 731 475 mirum
763 440 837 475 est
871 439 1028 475 tamen
1067 434 1303 487 quomodo
1342 434 1648 487 posteriores,
1691 434 1881 488 peiores

565 503 817 558 prioribus,
849 504 942 545 tale
975 517 1142 544 nomen
1176 503 1474 557 singulariter
1506 504 1596 544 sibi
1627 504 1882 545 vendicant

564 573 665 613 sine
708 573 881 624 fructu3
930 572 1101 613 etenim
1140 585 1257 613 onus
1308 572 1510 625 nimium,
1563 572 1673 614 licet
1719 587 1881 614 omnes

565 643 683 683 tales
717 642 932 695 episcopi
966 646 1267 695 comportent
1300 647 1347 682 et
1381 642 1603 695 regulent
1636 643 1880 683 ecclesiam

567 711 799 752 communi
822 711 1017 752 concilio
1042 711 1163 751 sicut
1192 710 1314 753 olim.
1347 711 1408 751 Et
1428 717 1574 765 patet,
1608 713 1735 765 quod
1757 713 1881 753 nuda

566 787 639 822 est
667 781 757 822 ista
789 781 989 835 argucia,
1025 780 1285 834 Gregorius
1317 781 1395 820 vel
1427 780 1541 821 alius
1569 787 1759 822 sanctus
1780 781 1878 822 Ro-

564 864 729 891 manus
763 850 1016 904 episcopus
1048 850 1137 891 fuit
1167 850 1436 903 precellens
1469 864 1554 903 pre
1588 850 1698 896 aliis,
1736 850 1881 904 igitur

562 933 649 973 per
678 920 803 960 idem
835 926 883 961 et
914 919 1112 973 quilibet
1132 919 1379 960 Romanus
1402 919 1635 972 pontifex,
1663 920 1881 961 Variatur

565 989 685 1030 enim
730 991 873 1031 stulta
917 989 1112 1030 affeccio
1154 989 1405 1043 dignitatis,
1452 989 1658 1031 Stultum
1691 989 1880 1043 quidem

565 1065 637 1100 est
669 1073 907 1100 assumere
932 1072 1104 1099 nomen
1127 1058 1310 1111 Christi,
1342 1065 1393 1100 ut
1413 1059 1727 1110 Bernhardus,
1758 1058 1879 1112 Lyn-

564 1128 818 1169 colniensis
841 1135 888 1170 et
909 1129 1191 1182 Jeronymus
1225 1128 1500 1169 describunt
1530 1128 1630 1168 sine
1662 1128 1881 1182 possibili

564 1199 992 1252 correspondencia
1036 1198 1288 1254 dignitatis.
1342 1198 1474 1239 Idem
1520 1198 1643 1238 enim
1681 1204 1755 1239 est
1787 1199 1879 1238 hoc

561 1268 724 1308 facere
771 1274 819 1309 et
861 1281 1070 1322 symeam
1114 1269 1171 1308 ad
1216 1282 1442 1309 summum
1485 1281 1656 1322 repere
1689 1273 1740 1308 ut
1769 1281 1878 1321 pro-

561 1337 749 1378 fundius
783 1343 831 1378 et
862 1338 1053 1392 gravius
1085 1351 1288 1392 preceps
1319 1343 1437 1380 ruat.

620 1407 718 1449 Sed
763 1413 926 1449 contra
956 1408 1045 1449 ista
1078 1408 1288 1461 arguitur
1318 1421 1406 1461 per
1435 1408 1539 1461 hoc,
1585 1406 1714 1460 quod
1749 1411 1878 1448 totus

561 1477 651 1518 iste
697 1477 813 1517 ordo
861 1490 1077 1518 cesareus
1109 1477 1297 1518 videtur
1330 1490 1436 1518 esse
1481 1477 1539 1517 ad
1575 1478 1799 1517 honorem
1832 1480 1879 1515 et

562 1546 811 1588 utilitatem
844 1546 1045 1587 ecclesie
1076 1546 1235 1587 matris
1268 1552 1442 1600 sancte,
1485 1559 1582 1587 non
1624 1546 1769 1599 igitur
1801 1545 1877 1585 de-

563 1616 838 1657 struendum
883 1622 957 1657 est
999 1622 1091 1656 tam
1134 1615 1247 1656 utile
1294 1621 1342 1656 et
1383 1621 1564 1657 tantum
1608 1614 1786 1655 faciens
1821 1614 1879 1654 ad

559 1686 789 1726 honorem
825 1685 1040 1737 ecclesie,
1062 1684 1306 1739 potissime
1338 1699 1441 1725 cum
1464 1684 1675 1726 nescitur
1707 1683 1877 1737 quibus

560 1757 816 1809 prodesset
831 1755 930 1795 eius
946 1754 1229 1807 destruccio,
1254 1759 1302 1796 et
1316 1756 1440 1795 nulla
1453 1768 1659 1808 persona
1677 1753 1877 1795 ecclesie

563 1830 635 1865 est
665 1824 932 1878 improvide
963 1823 1215 1877 punienda.

617 1894 929 1947 Assumptum
960 1893 1148 1934 videtur
1180 1906 1240 1933 ex
1271 1894 1360 1934 hoc
1405 1894 1546 1947 quod,
1593 1893 1682 1934 etsi
1713 1905 1877 1934 omnes

561 1963 710 2004 dotati
759 1963 917 2004 forent
968 1963 1252 2016 dampnandi
1304 1976 1363 2003 ex
1411 1963 1674 2015 dotacione‚
1726 1963 1876 2003 adhuc

561 2032 747 2073 dotacio
791 2033 917 2074 foret
949 2034 1006 2073 ad
1036 2034 1263 2074 honorem
1297 2039 1345 2074 et
1374 2033 1621 2074 utilitatem
1660 2032 1908 2085 ecclesie,2

558 2103 702 2158 igitur
744 2104 889 2144 multo
934 2103 1083 2158 magis
1127 2103 1282 2143 multis
1326 2103 1544 2156 personis
1580 2102 1688 2143 hinc
1726 2102 1874 2143 altrin-

560 2185 698 2213 secus
731 2172 1020 2213 merentibus
1060 2178 1108 2213 et
1139 2172 1343 2213 salvatis.
1394 2173 1707 2226 Assumptum
1743 2177 1876 2225 patet

560 2255 620 2282 ex
663 2243 767 2295 hoc,
812 2243 939 2296 quod
982 2248 1110 2283 totus
1154 2242 1468 2296 prescitorum
1505 2255 1723 2283 numerus
1756 2241 1877 2282 sicut

561 2316 608 2351 et
630 2311 779 2352 omnis
804 2312 939 2365 culpa
960 2311 1175 2365 proderit
1206 2325 1291 2365 per
1314 2311 1531 2352 accidens
1555 2317 1601 2351 et
1624 2310 1876 2352 honorabit

1900 1006 1938 1026 10

1899 1343 1935 1375 15

1895 1700 1937 1722 20

558 2395 800 2421 numerum
815 2382 1155 2432 salvandorum,
1171 2395 1275 2422 nam
1291 2381 1529 2435 dampnati
1545 2380 1875 2421 exercitabunt
1891 2388 1932 2419 30

557 2451 923 2504 predestinatos,
973 2451 1305 2506 glorificabunt
1348 2464 1509 2491 eorum
1553 2449 1774 2491 victorias
1827 2455 1875 2490 et

560 2521 731 2561 cedent
752 2520 818 2561 eis
834 2521 892 2561 ad
910 2526 1210 2575 augmentum
1227 2526 1275 2561 et
1294 2520 1531 2561 racionem
1548 2518 1872 2576 {beatitudinis

558 2595 609 2630 ut
638 2589 714 2630 hic
746 2590 1043 2644 supponitur.

626 2840 655 2865 4.
685 2831 721 2858 B:
748 2830 811 2858 sive
827 2829 979 2866 fructum.
1074 2830 1116 2858 16.
1145 2829 1243 2857 Codd.
1270 2829 1301 2857 in
1321 2838 1433 2865 marg:
1461 2830 1680 2865 Argumentum
1697 2828 1789 2864 forte
1809 2836 1869 2864 pro

556 2878 731 2905 delacione.

1913 2524 1994 2558 236d
