2078 3338
763 288 1132 322 INTRODUCTION.

309 398 504 448 Wyclif,
538 411 575 447 p.
608 398 681 448 56:

137 493 236 529 Tres
288 500 422 530 autem
475 500 589 528 erant
638 490 818 537 virtutes,
871 490 911 525 in

82 549 226 599 quibus
259 550 530 598 pertinencius
552 551 693 586 Petrus
721 548 912 597 precelle-

83 617 154 658 rat,
187 608 338 645 scilicet
361 608 470 660 fides,
503 607 720 657 humilitas,
754 606 912 644 caritas.

81 666 208 714 Fides,
254 679 375 715 quarn
420 675 581 715 oportet
625 678 710 702 esse
755 673 910 713 petram

83 724 260 774 ecclesie,
281 725 524 773 precellebat
540 724 581 761 in
598 726 726 772 Petro,
748 731 915 771 propter

83 784 192 831 quod
258 781 459 819 ordinavit
522 782 712 831 magister
775 782 913 819 Matth.

82 842 184 887 XVI,
222 842 269 878 16
309 842 418 890 quod
451 841 500 878 ad
532 840 799 889 questionem,
835 851 914 887 qua

83 898 254 947 quesivit
299 901 347 935 de
390 911 430 935 se
468 898 570 947 ipso,
616 910 736 947 quem
777 897 915 933 dicunt

82 955 267 994 homines
300 969 384 993 esse
407 957 533 994 filium
557 955 742 1003 hominis,
778 958 915 992 Petrus

84 1028 158 1063 pro
201 1014 388 1052 omnibus
432 1017 716 1064 responderet:
754 1015 817 1050 Tu
862 1026 914 1057 es,

84 1072 228 1122 inquit,
268 1073 373 1110 filius
412 1073 485 1110 Dei
522 1073 611 1112 vivi.
664 1072 740 1109 Ubi
779 1072 916 1108 ortho-

87 1132 186 1168 doxe
248 1131 464 1168 confitetur
524 1130 816 1168 humanitatem
876 1129 916 1165 in

87 1190 258 1233 Christo,
292 1190 360 1238 qui
382 1190 513 1238 signat
538 1190 650 1226 illum
676 1189 914 1237 prophetam

86 1246 328 1296 promissum
380 1247 560 1297 patribus
604 1247 665 1284 vel
716 1246 918 1283 Messiam.

87 1305 139 1342 Et
182 1306 358 1343 secunda
408 1319 500 1355 pars
548 1305 762 1343 confitetur
805 1304 917 1342 Chri-

88 1372 194 1400 stum
218 1396 226 1403 .
249 1396 256 1404 .
281 1396 289 1404 .
315 1396 322 1404 .

314 1491 510 1540 Wyclif,
543 1503 581 1540 p.
614 1491 690 1540 58:

147 1587 350 1632 Quantum
390 1586 440 1622 ad
480 1586 697 1622 secundam
730 1585 917 1621 virtutem

88 1655 164 1692 que
204 1651 261 1680 est
291 1643 511 1691 humilitas,
551 1652 661 1692 patet
685 1675 848 1684 ......
872 1645 921 1679 Et

89 1701 206 1739 istam
238 1701 461 1739 leccionem
491 1701 720 1739 didicerunt
749 1700 920 1750 apostoli

89 1773 112 1797 a
145 1760 335 1808 magistro
370 1761 511 1800 Matth.
542 1761 608 1807 XI,
645 1771 716 1811 29:
756 1759 920 1805 Discite,

89 1818 230 1867 inquit,
273 1832 296 1856 a
334 1831 411 1866 me,
460 1819 552 1867 quia
597 1818 705 1855 mitis
751 1831 839 1855 sum
885 1826 923 1854 et

91 1876 254 1914 humilis
286 1878 408 1915 corde
432 1908 563 1917 .....

318 2004 509 2053 Wyclif,
542 2017 577 2052 p.
611 2004 688 2042 60:

151 2099 355 2144 Quantum
408 2099 459 2134 ad
511 2097 675 2134 terciam
721 2097 923 2143 virtutem,

95 2155 247 2193 scilicet
270 2156 494 2203 caritatem,
522 2164 633 2204 patet
655 2157 764 2204 quod
786 2158 925 2192 Petrus

94 2214 225 2251 socios
273 2227 365 2250 suos
413 2222 673 2262 precesserat,
727 2223 837 2262 patet
882 2227 926 2250 ex

94 2273 248 2310 fervore
286 2284 453 2321 operum
494 2274 603 2321 quod
642 2281 800 2320 oportet
840 2285 925 2309 cor-

95 2331 386 2378 respondentes
429 2342 473 2366 ex
517 2329 660 2366 maiori
705 2330 926 2367 dileccione

96 2390 334 2436 procedere;
379 2397 416 2425 et
456 2388 718 2425 confirmatur
761 2401 805 2425 ex
837 2389 924 2435 hoc,

97 2448 206 2495 quod
244 2447 360 2483 aliter
391 2448 530 2483 Petrus
568 2446 670 2483 foret
707 2446 826 2483 nimis
866 2446 926 2482 in-

96 2513 246 2553 gratus,
286 2504 362 2541 nisi
400 2504 636 2553 magistrum
675 2513 757 2542 tam
793 2504 927 2552 singu-

97 2562 235 2599 lariter
268 2575 356 2599 eum
392 2562 623 2611 diligentem
647 2575 669 2599 a
691 2571 803 2599 tanta
826 2563 928 2599 blas-

97 2619 258 2669 phemia
290 2622 581 2669 abstergentem
615 2629 654 2657 et
685 2633 804 2669 super
837 2633 928 2658 oves

99 2691 190 2715 suas
258 2678 438 2727 graciose
505 2678 780 2728 preficientem
844 2691 928 2715 cor-

99 2738 388 2784 respondentes
441 2737 567 2785 magis
624 2737 818 2785 diligeret.
880 2739 928 2772 Et

102 2794 363 2831 confirmatur
414 2795 539 2831 tercio
597 2807 641 2831 ex
692 2796 768 2831 hoc
819 2796 928 2843 quod

102 2852 217 2889 aliter
250 2853 440 2901 magister
461 2853 651 2889 Johannis
683 2853 824 2889 ultimo
857 2852 930 2889 im-

102 2910 348 2959 pertinenter
379 2920 582 2960 quereret:
617 2911 757 2948 Simon
782 2912 930 2948 Johan—

1675 274 1814 315 XLV

1215 397 1330 442 Hus,
1363 395 1429 433 fol.
1463 389 1586 433 21112:

1041 490 1140 526 Tres
1192 497 1326 525 autem
1381 495 1496 524 erant
1544 487 1723 534 virtutes,
1776 486 1817 522 in

986 547 1131 596 quibus
1188 549 1327 583 Petrus
1389 545 1652 594 precellebat:
1707 545 1816 589 fides,

985 604 1191 642 humilitas
1226 614 1263 641 et
1296 604 1482 642 charitas,
1530 603 1659 649 Fides,
1695 615 1818 651 quam

986 672 1146 712 oportet
1179 675 1263 700 esse
1297 663 1606 699 fundamentum
1642 660 1820 709 ecclesie,

986 722 1230 770 precellebat
1309 720 1486 769 primum
1566 719 1606 756 in
1688 721 1818 766 Petro,

986 789 1152 828 propter
1205 780 1313 828 quod
1371 777 1572 815 ordinavit
1631 777 1820 826 magister

988 839 1127 876 Matth.
1160 838 1288 874 XXVI
1330 837 1428 885 (sic),
1478 836 1586 885 quod
1631 837 1681 872 ad
1727 848 1820 884 que-

987 895 1175 942 stionem,
1217 908 1296 944 qua
1336 894 1506 943 quesivit
1546 895 1593 930 de
1637 906 1678 930 se
1722 894 1821 944 ipso,

988 967 1106 1003 quem
1153 954 1290 991 dicunt
1335 952 1518 990 homines
1567 964 1650 988 esse
1694 951 1820 988 filium

989 1012 1175 1058 hominis,
1220 1013 1362 1049 Petrus
1406 1024 1480 1059 pro
1530 1011 1717 1047 omnibus
1762 1022 1822 1046 re-

989 1071 1224 1120 sponderet:
1258 1071 1320 1106 Tu
1354 1082 1406 1115 es,
1440 1068 1584 1117 inquit,
1618 1067 1722 1104 filius
1749 1068 1822 1104 Dei

989 1128 1078 1168 vivi.
1111 1128 1187 1166 Ubi
1221 1128 1436 1164 confitetur
1458 1126 1753 1163 humanitatem
1783 1127 1822 1162 in

991 1187 1162 1238 Christo,
1211 1199 1291 1235 quo
1336 1184 1575 1234 significavit
1620 1184 1823 1221 Christum

992 1258 1076 1282 esse
1114 1244 1301 1282 Messiam
1342 1243 1524 1292 patribus
1565 1242 1822 1291 promissum.

991 1305 1041 1340 Et
1084 1304 1261 1340 secunda
1312 1315 1404 1351 pars
1449 1301 1664 1339 confitetur
1710 1301 1822 1338 Chri-

992 1371 1097 1398 stum
1123 1394 1130 1401 .
1153 1394 1160 1401 .
1184 1394 1192 1401 .

1229 1490 1344 1533 Hus,
1377 1487 1443 1526 fol.
1478 1489 1597 1524 212³:

1052 1586 1259 1631 Quantum
1293 1583 1344 1619 ad
1376 1582 1598 1618 secundam
1622 1580 1823 1630 virtutem,

994 1655 1070 1692 que
1106 1651 1163 1679 est
1196 1640 1413 1687 humilitas,
1453 1652 1543 1676 cum
1575 1637 1720 1676 Petrus
1754 1652 1823 1676 au-

995 1701 1094 1738 divit
1138 1713 1160 1738 a
1206 1699 1398 1748 magistro
1451 1710 1523 1734 suo
1567 1698 1707 1737 Matth.
1751 1698 1825 1736 XI:

995 1759 1142 1796 Discite
1186 1771 1209 1795 a
1253 1769 1330 1802 me,
1375 1755 1622 1805 quiafmitis
1660 1768 1748 1792 sum
1789 1764 1826 1793 et

993 1817 1155 1854 humilis
1188 1818 1309 1854 corde
1332 1844 1464 1855 .....

1218 2005 1333 2049 Hus,
1367 2002 1432 2040 fol.
1466 1996 1608 2039 2123b:

1056 2099 1261 2143 Quantum
1314 2097 1364 2132 ad
1419 2094 1585 2132 terciam
1637 2094 1825 2132 virtutem

998 2168 1100 2204 quae
1124 2163 1181 2191 est
1205 2154 1391 2201 charitas,
1422 2162 1545 2202 patet,
1580 2153 1689 2202 quod
1716 2153 1826 2189 illam

998 2213 1138 2250 habuit
1162 2213 1467 2262 quodammodo
1490 2224 1611 2260 supra
1640 2211 1752 2257 alios,
1785 2220 1829 2247 ut

998 2280 1109 2320 patet
1132 2284 1175 2308 ex
1196 2271 1352 2308 fervore
1373 2282 1556 2318 operum,
1585 2282 1687 2318 quae
1711 2282 1829 2318 opor-

998 2339 1054 2367 tet
1087 2342 1131 2367 ex
1164 2329 1307 2366 maiori
1341 2328 1560 2365 dileccione
1598 2329 1829 2376 procedere.

1057 2390 1105 2425 Et
1161 2387 1426 2424 confirmatur
1481 2399 1525 2423 ex
1573 2386 1662 2432 hoc,
1721 2386 1829 2435 quod

1000 2446 1115 2483 aliter
1148 2448 1286 2482 Petrus
1327 2445 1429 2481 foret
1472 2444 1591 2481 nimis
1635 2444 1827 2492 ingratus,

999 2504 1076 2540 nisi
1121 2504 1358 2551 magistrum
1404 2516 1521 2539 suum
1565 2512 1647 2539 tam
1695 2502 1826 2550 singu-

999 2561 1136 2599 lariter
1188 2575 1280 2598 eum
1333 2560 1562 2609 diligentem
1617 2573 1639 2597 a
1684 2573 1829 2608 magna

1000 2620 1251 2669 blasphemia
1289 2620 1582 2666 abstergentem
1623 2627 1661 2655 et
1709 2630 1829 2666 super

1001 2690 1093 2715 oves
1157 2690 1248 2714 suas
1311 2676 1490 2725 graciose
1553 2675 1827 2725 preficientern

1001 2737 1363 2784 correspondenter
1396 2734 1523 2783 magis
1556 2734 1746 2783 diligeret.
1783 2736 1830 2770 Et

1001 2794 1126 2831 tercio
1179 2793 1444 2830 confirmatur
1488 2805 1532 2829 ex
1583 2794 1671 2839 hoc,
1725 2792 1832 2840 quod

1002 2852 1117 2889 aliter
1155 2851 1344 2900 magister
1376 2851 1540 2888 Joannis
1576 2850 1719 2887 ultimo
1758 2850 1832 2886 irn-

1001 2910 1250 2960 pertinenter
1272 2917 1498 2958 quaereret:
1525 2908 1665 2947 Simon
1683 2908 1833 2946 Johan-
