2078 3338
197 270 276 309 272
930 264 1156 297 JOHANNIS
1184 264 1368 296 wvcmff
1621 250 1730 307 [CAP.
1752 262 1802 289 xl.

485 370 637 410 viator
660 369 921 410 simillimus
945 382 1130 422 sequax
1153 368 1334 409 Christi.
1366 367 1427 407 Et
1449 368 1516 409 sic
1540 368 1805 408 excluditur

484 444 577 479 tam
599 439 765 479 mulier
787 452 925 492 quam
947 439 1146 491 angelus
1167 452 1194 478 a
1214 450 1341 491 pape
1362 437 1561 479 nomine.
1584 437 1660 477 De
1681 450 1806 490 papa

485 522 600 549 vero
624 510 834 562 Agnete‚
858 509 916 548 de
940 521 1032 561 qua
1056 507 1322 548 Cestrensis
1344 506 1465 547 libro
1486 507 1545 556 V,
1579 520 1671 559 que
1693 512 1807 559 post

485 590 655 618 vocata
677 583 750 618 est
763 578 1005 629 Johannes
1020 577 1265 630 Anglicus,
1282 589 1386 616 cum
1410 576 1580 617 ceteris
1600 576 1804 629 pseudo-

196 647 463 716 missssagenssffsse,
484 648 636 701 papis,
658 652 791 700 patet
815 647 946 700 quod
971 646 1088 687 false
1110 645 1448 686 vendicaverat
1469 658 1640 685 nornen
1663 657 1804 698 pape.
1821 648 1838 680 5

487 716 656 769 Quoad
679 716 939 757 secundum
962 715 1200 756 obiectum
1223 715 1281 754 de
1303 714 1465 768 laycis,
1488 719 1622 767 patet
1643 713 1804 767 logico

488 788 617 839 quod
648 787 813 839 laycus
845 790 1009 838 potest
1042 798 1147 826 esse
1170 798 1305 838 papa.
1337 785 1399 824 Et
1420 783 1610 824 videtur
1632 783 1691 823 de
1713 782 1807 822 Dei

486 855 709 908 potencia
768 855 985 896 absoluta
1026 853 1256 907 possibile
1308 853 1438 906 quod
1490 852 1640 893 omnis
1682 864 1805 891 nunc

485 925 618 965 vians
661 924 788 964 foret
829 925 1089 964 membrum
1135 922 1327 975 dyaboli
1376 923 1454 962 vel
1505 922 1635 975 quod
1686 921 1807 962 desit

486 994 640 1034 clerus
674 993 891 1042 ecclesie,
920 992 924 1047 Ι
954 992 1082 1045 quod
1115 997 1244 1033 esset
1272 991 1420 1045 magis
1446 991 1668 1032 mirabile.
1700 990 1806 1043 Ego
1847 997 1928 1037 229a

486 1068 641 1103 autem
687 1063 830 1102 credo
876 1062 1005 1115 quod
1051 1067 1124 1102 est
1166 1061 1484 1102 necessarium
1524 1074 1586 1100 ex
1630 1073 1806 1113 suppo-

486 1132 665 1173 sicione
704 1132 835 1185 quod
873 1132 966 1172 sint
997 1131 1130 1171 multi
1160 1130 1345 1171 viantes
1383 1129 1605 1170 continue
1639 1143 1664 1169 a
1695 1135 1807 1169 tem-

485 1214 602 1255 pore
636 1200 928 1242 ascensionis
952 1213 1103 1253 usque
1127 1201 1185 1240 ad
1207 1200 1331 1240 diem
1352 1199 1513 1240 iudicii
1535 1199 1806 1241 sancciores

488 1271 675 1321 ceteris,
706 1270 786 1323 qui
807 1275 1000 1311 teneant
1023 1275 1194 1311 statum
1218 1275 1267 1310 et
1289 1269 1503 1309 ordinem
1527 1269 1805 1315 clericalem,

487 1340 554 1381 sic
587 1340 718 1393 quod
750 1339 1042 1379 ordinacioni
1074 1339 1231 1379 divine
1261 1344 1512 1392 repugnat,
1557 1338 1670 1391 quin
1701 1343 1804 1377 toto
1828 1341 1863 1372 15

487 1409 613 1448 clero
646 1421 877 1461 perverso
909 1420 1060 1461 usque
1090 1408 1148 1447 ad
1178 1408 1342 1461 laycos
1364 1408 1498 1448 Deus
1528 1406 1685 1447 subito
1707 1407 1806 1447 illu-

486 1477 684 1518 minaret
726 1477 928 1531 aliquem
973 1490 1149 1527 eorum,
1195 1477 1261 1518 sic
1306 1478 1434 1530 quod
1466 1476 1652 1517 viveret
1689 1490 1807 1530 pure

234 1566 309 1585 even
330 1558 447 1593 though
491 1547 870 1600 exproprietarie
895 1553 942 1587 et
965 1554 1127 1587 sancte
1151 1547 1210 1587 de
1234 1553 1365 1587 sorte
1386 1546 1597 1596 Domini;
1634 1551 1682 1587 et
1696 1553 1808 1586 tunc

203 1594 455 1690 ῃὴοᾶἐέῗξέἰεῖἒέἒηᾱ
486 1617 611 1657 foret
644 1615 856 1666 clericus,
888 1616 1003 1656 licet
1032 1629 1121 1656 nec
1153 1615 1309 1669 aliqua
1331 1621 1518 1669 septem
1539 1615 1715 1655 arcium
1749 1615 1808 1656 sit

230 1697 380 1725 ordained
403 1698 441 1734 by
485 1686 694 1727 imbutus
726 1699 816 1726 nec
849 1687 1108 1726 secundum
1146 1685 1262 1726 ritus
1296 1685 1597 1739 episcopales
1630 1684 1691 1725 sit
1721 1685 1806 1724 hu-
1825 1695 1866 1718 20

289 1740 371 1760 man.
485 1756 687 1797 manitus
740 1755 993 1796 ordinatus.
1055 1755 1153 1795 Ista
1211 1760 1364 1796 autem
1418 1754 1664 1795 evidencia
1713 1767 1808 1794 non

485 1827 660 1878 probat
682 1826 812 1878 quod
834 1824 900 1865 510
925 1830 999 1866 est
1021 1826 1080 1865 de
1102 1824 1242 1875 facto,
1276 1825 1362 1865 sed
1395 1824 1586 1864 videtur
1608 1824 1807 1864 suadere

487 1896 615 1948 quod
659 1895 725 1935 sic
763 1899 930 1948 potest
962 1908 1069 1936 esse
1103 1896 1162 1934 de
1194 1894 1288 1935 Dei
1319 1893 1544 1948 potencia
1580 1894 1807 1935 absoluta,

485 1964 786 2004 Eleccionem
820 1969 975 2004 autem
996 1964 1091 2005 Dei
1120 1964 1167 2003 in
1199 1963 1372 2004 talibus
1396 1968 1591 2017 oportet
1622 1976 1807 2003 0111116111

484 2034 674 2074 fidelem
707 2034 986 2084 concedere,
1020 2034 1131 2087 quia
1159 2034 1300 2074 homo
1329 2047 1424 2073 non
1447 2032 1580 2086 eligit
1599 2032 1863 2073 raciona-25

484 2103 592 2143 liter
613 2103 752 2143 alium
768 2104 826 2144 ad
849 2103 1045 2157 aliquam
1062 2103 1353 2157 dignitatem,
1376 2102 1466 2144 nisi
1488 2102 1596 2155 quia
1616 2107 1809 2155 reputat

487 2186 592 2212 eum
625 2172 829 2225 dignum,
863 2173 950 2213 sed
981 2173 1020 2214 51
1054 2178 1127 2213 est
1159 2172 1331 2225 dignus
1363 2173 1420 2212 ad
1454 2171 1642 2224 aliquid,
1678 2176 1751 2211 est
1782 2185 1808 2210 a

485 2243 590 2282 Deo
621 2242 907 2295 preelectus,
942 2243 1073 2296 quod
1102 2242 1247 2282 debet
1280 2243 1492 2293 credere3
1523 2242 1634 2281 ideo
1667 2254 1806 2281 nemo

487 2312 634 2351 debet
666 2311 846 2364 eligere
879 2324 1159 2365 quemquam
1185 2311 1245 2351 ad
1276 2310 1462 2364 aliquid,
1496 2310 1585 2351 nisi
1615 2314 1808 2363 reputet

488 2393 593 2420 eum
636 2394 663 2420 a
693 2379 901 2420 Domino
945 2381 1255 2434 preelectum,
1308 2385 1356 2421 et
1397 2381 1488 2421 hoc
1533 2385 1608 2420 est
1642 2386 1806 2420 notum
1824 2382 1864 2414 30

487 2450 613 2503 apud
647 2462 730 2490 eos
763 2449 843 2503 qui
874 2449 1039 2490 vident
1071 2451 1203 2503 quod
1233 2462 1434 2490 necesse
1470 2456 1543 2490 est
1570 2451 1724 2490 Deum
1747 2450 1807 2490 ad

558 2629 585 2648 2.
608 2621 706 2648 Codd.
728 2620 759 2648 in
781 2628 896 2655 marg:
916 2619 1001 2655 Papa
1023 2621 1130 2657 Agnes
1149 2620 1268 2648 muller.

560 2705 588 2736 3.
627 2706 692 2736 See
732 2704 859 2737 below.
895 2704 947 2738 Cf.
986 2712 1019 2736 et
1056 2705 1141 2745 Hus,
1176 2705 1226 2736 De
1259 2704 1352 2737 Eccl.
1397 2704 1456 2736 fol.
1504 2707 1595 2737 220³.
1638 2704 1806 2736 Johannis

487 2761 648 2805 Wyclif⁷s
668 2763 837 2805 Cruciata,
861 2762 935 2794 Pol.
950 2762 1091 2805 Works,
1112 2763 1166 2796 ed.
1185 2763 1409 2805 Buddensieg
1427 2762 1511 2805 619;
1537 2763 1656 2804 Agnes
1676 2763 1805 2794 ibidem

489 2822 588 2851 Anna
626 2821 842 2854 nominatur.
881 2822 946 2853 See
985 2821 1177 2863 Dffllinger,
1216 2821 1440 2863 Papstfabeln
1480 2822 1540 2852 des
1579 2821 1804 2863 Mittelaltcrs,

487 2889 564 2921 pag.
598 2879 646 2912 16.
