2078 3338
216 286 290 333 198
937 290 1160 323 JOHANNIS
1188 289 1373 321 WYCLIF
1635 276 1740 329 [cim.
1761 285 1812 313 ιχ.

500 395 722 436 continue
761 395 868 448 plus
900 393 1108 447 invaluit,
1147 398 1195 434 et
1227 392 1411 434 cronice
1448 391 1584 432 istius
1616 392 1814 432 materie

501 465 777 505 confirmant
837 463 1032 504 eandem
1095 462 1394 503 sentenciam:
1468 461 1634 501 Narrat
1696 461 1815 501 enim

501 533 766 575 Cestrensis
798 533 917 573 libro
952 535 1004 572 86
1039 545 1136 585 cap.
1170 531 1408 585 quomodo
1437 535 1610 571 extunc
1632 531 1815 571 ecclesia

499 604 712 645 Romana
754 606 917 654 quanto
945 604 1052 654 plns
1083 602 1196 654 cepit
1226 601 1381 650 ditari,
1408 601 1543 652 facta
1574 603 1636 640 est
1666 600 1819 651 rnagis

500 674 736 723 instabilis,
769 673 934 724 adepta
963 672 1067 724 plns
1096 670 1415 711 sollicitudinis
1446 672 1485 709 et
1514 670 1818 719 snbieccionis,
1836 674 1851 705 5

502 756 638 795 qnam
669 742 935 794 spiritualia
967 741 1232 791 devocionis,
1271 740 1379 792 plns
1415 739 1655 779 exterioris
1692 750 1817 779 asse-

503 816 605 852 cnta
629 811 952 864 pompositatis
982 822 1120 861 qnam
1152 809 1387 849 interioris
1417 811 1465 848 nt
1484 809 1685 849 creditur
1704 807 1817 859 feli-

228 904 295 932 The
315 903 427 938 poison
447 902 481 929 of
503 882 663 922 citatis.
714 880 911 920 Proinde
944 882 982 919 et
1011 880 1149 919 hostis
1181 879 1391 930 antiquus
1416 877 1553 929 facia
1581 890 1667 929 per
1702 875 1819 918 Con-

229 940 476 1002 eriiisswc‘ifflssfin
503 951 753 992 stanlinnrn
795 950 878 989 hac
902 948 1088 1001 publica
1119 948 1370 1000 largicione
1414 947 1607 987 ecclesiis
1655 946 1822 998 legitur

229 1007 480 1083 prffiissffliiffss‘itby
499 1021 675 1074 publice
716 1020 765 1059 in
812 1031 917 1059 aere
960 1019 1278 1070 proclamasse
1330 1017 1470 1056 ehodie
1506 1015 1710 1067 infusum
1763 1018 1881 1055 estxo

506 1101 725 1131 venenum
768 1088 816 1128 in
848 1087 1061 1127 ecclesia'.
1112 1085 1234 1127 Unde
1263 1085 1529 1126 jeronimus
1564 1084 1747 1136 scripsit
1778 1081 1824 1124 in

506 1160 611 1200 vitis
631 1161 838 1211 patrum,
878 1157 1061 1198 ecclesia
1101 1169 1150 1197 ex
1181 1169 1263 1208 qno
1296 1156 1432 1196 crevit
1452 1156 1500 1194 in
1521 1155 1824 1207 possessioni-

509 1230 599 1279 bns,
631 1228 823 1267 decrevit
852 1227 900 1266 in
932 1227 1185 1267 virtutibus.
1237 1224 1338 1265 Nec
1370 1229 1570 1276 moveat,
1603 1224 1731 1276 quod
1762 1222 1824 1263 vi-

511 1298 647 1337 detur
690 1296 942 1349 dyabolum
989 1300 1171 1349 patrem
1214 1293 1444 1334 mendacii
1488 1293 1554 1334 sic
1588 1294 1825 1345 clamasse,

512 1366 618 1420 quia
670 1371 847 1406 certum
900 1371 973 1406 est
1024 1365 1152 1418 quod
1204 1369 1399 1417 oportet
1451 1363 1690 1415 demones,
1749 1362 1827 1415 qui
1847 1363 1882 1400 1'5

511 1438 714 1476 letantur
759 1449 861 1475 cum
904 1435 1021 1475 male
1064 1433 1277 1486 fecerint,
1321 1433 1584 1473 ministrare
1628 1431 1734 1472 Deo
1781 1437 1828 1472 et

515 1519 620 1546 esse
651 1505 848 1545 nuncios
892 1504 1124 1555 veritatis3
1171 1509 1218 1544 et
1264 1504 1404 1543 decet
1436 1502 1590 1542 Deum
1622 1515 1710 1555 per
1739 1514 1828 1541 ma-

513 1588 696 1615 monam
727 1574 1032 1627 preconizare
1064 1573 1194 1627 plebi
1228 1573 1498 1626 periculum.
1538 1571 1644 1612 Alia
1675 1576 1829 1611 autem

513 1644 723 1698 pericula
762 1657 823 1684 ex
853 1644 958 1696 hoc,
996 1644 1124 1696 quod
1156 1649 1418 1696 sequuntur
1447 1647 1561 1695 post
1600 1640 1829 1694 correpci-

516 1727 653 1754 onem
698 1713 911 1766 ecclesie,
955 1713 1126 1753 scimus
1173 1712 1446 1753 stultissime
1491 1710 1730 1764 applicare
1775 1711 1831 1751 ad
1849 1727 1888 1747 20

517 1782 892 1824 subtraccionem
915 1782 1211 1836 voluptatum
1240 1781 1453 1834 ecclesie,
1487 1781 1573 1820 sed
1603 1780 1832 1820 vindictas

516 1852 946 1907 prevaricacionem
985 1857 1240 1906 sequentes
1279 1865 1394 1905 quas
1434 1856 1506 1890 est
1542 1850 1739 1890 evidens
1773 1863 1833 1890 ex

518 1922 750 1975 scriptura
772 1928 820 1963 et
851 1922 1022 1963 sanctis
1057 1922 1332 1962 doctoribus
1367 1934 1428 1961 ex
1459 1920 1565 1961 hinc
1598 1919 1733 1973 sequi
1759 1921 1834 1959 ab·

518 1992 700 2033 nuimus
722 1991 832 2031 inde
856 1991 1001 2045 sequi.
1025 1992 1099 2031 Ex
1120 1991 1228 2031 hinc
1253 1991 1374 2031 enim
1392 1995 1585 2044 oportet
1601 1989 1835 2035 debilitari,

521 2061 768 2101 ecclesiam
813 2066 952 2114 atque
983 2060 1241 2114 imperium,
1290 2066 1342 2100 ut
1384 2062 1717 2114 prophetatum
1762 2064 1835 2099 est
1851 2063 1890 2096 23

519 2131 688 2171 Daniel
720 2130 777 2171 II.
809 2131 884 2170 Ex
914 2131 1020 2170 hinc
1054 2130 1197 2170 eciam
1231 2130 1462 2171 debilitati
1490 2135 1599 2170 sunt
1621 2128 1835 2182 episcopi

260 2214 478 2277 ιὲὧῖἓῗᾷἒοὲὲ]
518 2201 566 2241 in
597 2200 772 2241 virtute
796 2205 843 2240 et
864 2200 1072 2253 populus
1096 2205 1456 2253 consequenter,
1489 2213 1606 2246 nam,
1630 2204 1682 2239 ut
1702 2203 1836 2252 patet

269 2284 477 2312 endowment.
522 2284 582 2310 ex
606 2269 804 2310 cronicis
828 2270 1068 2323 predictis,
1098 2275 1210 2310 tunc
1246 2269 1477 2310 debilitati
1505 2275 1614 2309 sunt
1633 2267 1837 2309 Romani

524 2340 736 2393 episcopi
766 2339 813 2379 in
844 2345 1036 2392 tantum,
1083 2340 1211 2392 quod
1240 2339 1388 2380 instar
1418 2352 1660 2393 magorum
1689 2339 1693 2390 Ι
1721 2337 1836 2378 Pha·
1882 2346 1961 2374 2100

522 2409 692 2462 raonis,
737 2409 817 2462 qui
858 2408 906 2448 in
947 2409 1097 2449 tercio
1142 2409 1279 2462 signo
1315 2409 1597 2461 defecerant,
1641 2419 1836 2460 magnus
1854 2415 1895 2446 30

522 2478 759 2519 hereticus
781 2478 868 2518 fuit
888 2491 1015 2531 papa
1036 2478 1210 2519 tercius
1226 2484 1338 2531 post
1353 2477 1645 2520 Silvestrum.
1670 2476 1839 2517 Narrat

597 2647 623 2666 2.
646 2638 699 2666 ΑΒ
720 2638 750 2665 in
771 2646 886 2673 marg:
913 2638 1052 2665 Ecclesia
1071 2638 1212 2666 Romana
1232 2646 1250 2666 a
1270 2642 1407 2674 tempore
1427 2638 1602 2666 dotacionis
1611 2637 1708 2672 sacta
1729 2640 1773 2664 est
1792 2637 1837 2663 in-

524 2686 653 2712 stabilis.
727 2684 754 2713 3.
776 2685 880 2712 Recte:
902 2685 981 2713 libro
997 2685 1044 2720 JV,
1066 2693 1132 2720 cap.
1154 2685 1261 2712 XXVI.
1338 2685 1362 2713 5.
1387 2685 1504 2713 Cocld.:
1524 2685 1635 2720 adepta
1655 2684 1840 2719 temporalia

526 2732 750 2759 sollicitudinis.
777 2730 915 2759 Com-exi.
989 2732 1017 2760 6.
1044 2733 1088 2759 A:
1116 2735 1225 2759 contra
1252 2731 1440 2767 spiritualia.
1517 2739 1559 2759 12.
1588 2731 1641 2758 ΑΒ
1668 2730 1698 2758 in
1726 2738 1838 2765 marg:

528 2776 663 2805 Ecclesia
683 2785 822 2805 crescens
842 2779 871 2805 in
892 2778 1142 2813 possessionibus
1169 2778 1316 2805 decrescit
1335 2778 1364 2804 in
1387 2778 1561 2805 virtutibus.
1594 2777 1674 2804 Vox:
1692 2784 1840 2804 venenum

529 2823 664 2859 infusum
685 2828 730 2851 est
749 2825 778 2851 in
799 2824 959 2851 ecclesiam
979 2824 1046 2852 Dei.
1123 2831 1167 2859 19,
1189 2832 1236 2852 20.
1259 2824 1513 2859 correpcionem;
1532 2824 1562 2851 in
1583 2823 1841 2858 corrupcionem?

603 2908 629 2941 3.
658 2907 942 2950 Polychronicon
969 2908 1144 2950 Ranulphi
1174 2908 1310 2950 Higden
1338 2907 1394 2951 VI,
1426 2908 1500 2941 130.
