2078 3338
249 268 304 306 40
972 261 1197 294 JOHANNIS
1223 260 1410 292 WYCLIF
1687 245 1794 302 [CAP.
1816 255 1854 282 11.

539 369 820 410 inscribitur.
873 365 1007 407 Sicut
1049 364 1193 418 igitur
1237 369 1311 404 est
1354 363 1554 403 affinitas
1600 361 1767 415 capitis
1801 363 1858 401 ad

540 439 705 492 pedes,
751 435 818 476 sic
861 434 987 475 racio
1023 439 1070 474 et
1102 432 1296 473 affeccio
1337 436 1692 477 connectuntur,
1738 430 1860 471 sicut

542 507 689 547 eciam
734 518 871 546 omne
915 505 1176 544 membrum
1213 501 1374 542 nobile
1406 502 1484 541 vel
1513 500 1727 554 ignobile
1759 499 1859 540 sine

255 586 518 650 tgusgxrrgleebcogffi,
542 575 857 617 contencione
902 573 1050 614 servit
1093 571 1287 625 spiritui,
1334 571 1401 611 sic
1435 583 1570 610 omne
1601 571 1859 610 membrum

293 657 367 684 each
386 657 417 684 in
438 656 487 683 his
520 642 746 686 'ecclesie
770 644 871 684 sine
889 641 1204 684 contencione
1222 639 1499 681 minoritatis
1520 644 1566 680 et
1581 639 1861 679 obediencie
1878 645 1894 677 5

303 700 373 719 own
396 699 473 727 Way'
543 715 691 756 servit
714 713 913 767 Christo,
947 718 995 753 et
1026 712 1149 752 sicut
1169 711 1377 750 membra
1397 709 1746 763 preeminencia
1766 722 1862 749 non

543 786 602 826 de
634 798 718 826 sua
753 782 1001 824 nobilitate
1046 780 1340 834 superbiunt,
1385 780 1471 819 sed
1514 778 1692 819 faciunt
1729 792 1863 818 suum

544 854 750 896 officium
782 852 1040 893 secundum
1071 850 1286 904 regimen
1319 848 1469 889 anime
1502 849 1558 888 ad
1591 847 1863 901 suffragium

543 924 848 978 singulorum,
880 922 948 962 sic
981 921 1127 961 debet
1159 933 1265 961 esse
1292 920 1351 959 de
1382 918 1603 959 membris
1637 917 1860 968 ecclesie3

544 993 668 1035 oculi
713 993 903 1046 quidem
948 996 996 1032 et
1036 990 1182 1031 facies
1218 994 1380 1030 carent
1409 988 1490 1029 tali
1520 987 1759 1041 tegimine,
1803 1000 1864 1027 ne
1884 1003 1921 1023 10

543 1064 749 1104 velatum
795 1063 1054 1115 deturpent
1099 1066 1146 1101 et
1176 1064 1436 1114 preparent
1467 1059 1525 1098 ad
1554 1057 1751 1098 ruinam:
1797 1056 1864 1097 sic

545 1133 758 1175 Christus
791 1138 839 1173 et
871 1130 1076 1186 apostoli
1099 1144 1160 1170 ex
1188 1129 1379 1170 fervore
1403 1127 1605 1168 caritatis
1630 1133 1678 1169 et
1699 1127 1863 1167 aliena-

545 1203 683 1244 cione
706 1216 731 1242 a
751 1202 944 1242 fervore
962 1199 1232 1254 cupiditatis
1254 1212 1349 1239 non
1373 1203 1505 1238 erant
1524 1196 1864 1251 temporalibus

544 1272 817 1314 seculariter
859 1270 1073 1312 involuti.
1127 1268 1227 1311 Sed
1263 1269 1472 1308 membra
1506 1267 1658 1307 minus
1690 1265 1867 1306 nobilia

543 1349 596 1383 ut
657 1342 881 1396 pudenda
944 1345 1054 1381 sunt
1105 1338 1397 1388 absconsius,
1456 1336 1757 1390 multiplicius
1820 1341 1867 1376 et
1886 1341 1922 1374 15

543 1411 752 1453 tenerius
787 1415 1027 1464 cooperta,
1063 1414 1110 1450 et
1141 1408 1207 1449 sic
1240 1413 1314 1448 est
1345 1408 1404 1447 de
1428 1405 1865 1460 contemptibilibus

543 1494 631 1535 per
663 1493 783 1534 quos
815 1480 947 1520 feces
982 1478 1186 1519 ecclesie
1221 1481 1559 1530 expurgantur.

601 1550 699 1591 Alii
730 1556 885 1590 autem
917 1548 1133 1589 dividunt
1164 1548 1374 1587 membra
1418 1546 1618 1586 ecclesie
1654 1544 1702 1585 in
1735 1544 1865 1598 spiri-

544 1620 687 1662 tualia
717 1621 795 1661 vel
834 1620 1034 1659 dextera
1066 1618 1188 1658 sicut
1220 1618 1395 1657 clerum
1447 1621 1495 1656 et
1525 1616 1734 1655 membra
1766 1627 1865 1654 cor-

544 1690 726 1744 poralia
754 1690 833 1730 vel
868 1688 1058 1729 sinistra
1084 1693 1137 1728 ut
1166 1688 1345 1741 laycos,
1379 1691 1426 1726 et
1456 1686 1605 1739 prima
1635 1698 1743 1739 pars
1777 1697 1868 1738 que
1885 1699 1926 1720 20

546 1760 694 1801 debet
737 1773 845 1800 esse
889 1765 941 1799 ut
971 1763 1150 1799 tectum
1182 1757 1350 1797 domus
1384 1755 1601 1807 ecclesie,
1647 1768 1704 1795 eo
1741 1754 1870 1808 quod

544 1844 639 1871 non
685 1829 811 1883 capit
852 1829 899 1869 in
932 1842 984 1868 se
1015 1827 1293 1868 incisionem
1326 1825 1530 1877 dominii,
1561 1830 1775 1865 remanet
1805 1824 1868 1864 in-

547 1899 708 1940 divisa.
744 1898 842 1941 Sed
874 1898 1082 1939 secunda
1112 1910 1224 1951 pars
1258 1896 1481 1937 dividitur
1513 1895 1560 1935 in
1590 1894 1868 1948 prepositos

548 1976 596 2011 et
619 1968 863 2023 operarios
885 1974 937 2008 ut
970 1967 1177 2021 parietes
1202 1972 1250 2007 et
1274 1966 1628 2006 fundamentum
1652 1963 1868 2015 ecclesie,

548 2044 597 2080 et
628 2038 696 2079 sic
723 2039 952 2078 habemus
984 2042 1081 2077 tres
1113 2035 1381 2090 yerarchias
1412 2033 1613 2074 ecclesie
1637 2047 1741 2073 cum
1773 2032 1869 2072 suis
1886 2036 1926 2068 25

549 2107 969 2157 subdivisionibus,
1013 2107 1061 2147 in
1104 2112 1287 2160 partem
1331 2105 1544 2157 infimam,
1587 2103 1787 2143 mediam
1823 2107 1871 2142 et

548 2190 826 2232 supremam.
858 2176 954 2217 Alii
976 2182 1131 2217 autem
1165 2189 1226 2215 ex
1254 2173 1259 2231 l
1286 2180 1426 2216 textu
1449 2173 1654 2227 apostoli
1680 2173 1870 2213 trahunt
1912 2173 1990 2218 170‘1

548 2261 722 2288 novem
753 2251 915 2300 partes
941 2245 1143 2286 ecclesie
1167 2246 1224 2285 ad
1253 2257 1426 2284 novem
1447 2248 1608 2296 partes
1631 2241 1870 2295 simplices

550 2324 597 2359 et
629 2315 938 2371 spermaticas
969 2314 1017 2355 in
1047 2316 1250 2355 humano
1285 2326 1486 2366 corpore
1520 2317 1568 2353 et
1599 2312 1674 2352 alii
1706 2316 1872 2365 aptant

548 2389 677 2441 ipsas
710 2387 768 2427 ad
800 2398 977 2439 organa
1004 2390 1205 2438 propter
1228 2382 1592 2424 conveniencias
1621 2381 1869 2422 naturales.
1888 2385 1929 2417 30

306 2475 484 2502 Differenee
609 2456 707 2498 Sed
759 2455 1191 2509 quomodocunque
1242 2452 1489 2507 loquimur,
1544 2456 1617 2492 est
1666 2450 1873 2491 notanda

262 2513 475 2580 ῃκηῖἶζᾞξξῑῖ,
497 2545 531 2572 of
552 2525 800 2567 diversitas
822 2524 944 2565 inter
964 2525 1174 2564 membra
1192 2523 1389 2564 istorum
1413 2534 1673 2575 corporum.
1705 2519 1872 2573 Prima,

263 2580 523 2642 otfhtehss'ogffussgffi
554 2609 658 2636 cum
694 2600 854 2648 partes
900 2593 1103 2634 ecclesie
1149 2592 1483 2633 continuantur
1524 2604 1612 2644 per
1655 2588 1870 2643 graciam,

552 2678 648 2705 non
677 2663 939 2718 respiciunt
969 2663 1265 2717 posicionem
1290 2663 1368 2703 vel
1400 2660 1723 2702 ubicacionem
1755 2658 1872 2699 situs

623 2854 645 2873 1.
667 2847 695 2873 A
715 2845 746 2873 in
767 2853 882 2880 marg.:
903 2854 928 2873 1.
999 2853 1029 2880 4.
1051 2846 1080 2872 A
1099 2845 1129 2871 in
1151 2852 1265 2879 marg:
1287 2851 1316 2871 2.
1391 2844 1418 2872 6.
1440 2843 1520 2871 Ain
1541 2850 1658 2878 marg:
1679 2850 1714 2878 3.
1787 2841 1833 2870 31.
1848 2842 1870 2869 B

549 2892 579 2920 in
602 2899 716 2928 marg:
738 2891 913 2920 Diversz'tas
933 2891 963 2919 in
982 2891 1123 2918 membris
1142 2890 1285 2926 corporis
1303 2889 1447 2926 organisi
1464 2892 1493 2917 et
1511 2889 1648 2916 ecclesie.
