2078 3338
270 294 353 331 340

295 1376 427 1404 Christ’s
448 1377 506 1404 law

295 1411 399 1439 would
422 1412 514 1440 breed

360 1454 446 1474 more

334 1482 464 1517 charity,

264 2222 323 2249 aud
340 2222 410 2250 God
432 2223 538 2250 would

299 2257 427 2297 provide
447 2258 495 2285 for

341 2296 458 2326 Justlce.

996 293 1221 325 JOHANNIS
1248 294 1432 326 WYCLIF
1675 284 1781 336 [CAP.
1807 293 1872 320 XII.

557 409 645 448 per
675 396 810 451 leges
839 396 1076 438 hominum
1110 398 1427 451 acquiruntur,
1471 403 1604 451 patet
1636 400 1764 452 quod
1795 400 1876 440 lex

556 466 650 506 Dei
670 465 899 507 infinitum
916 468 1109 509 excedit
1125 470 1257 521 leges
1280 468 1541 520 hominum;
1567 474 1615 510 et
1631 482 1692 509 ex
1708 470 1875 510 eodem

559 536 772 589 sequitur
817 538 941 590 quod
985 537 1046 578 sit
1088 537 1320 578 infinitum
1361 538 1657 591 prestancior
1690 539 1747 579 ad
1777 540 1875 592 pla-

559 606 758 646 cendum
780 606 888 646 Deo
923 612 970 647 et
991 608 1274 661 paciendum
1308 621 1411 648 cum
1432 609 1628 661 populo,
1661 621 1766 648 nam
1788 622 1876 662 per

559 675 919 716 observanciam
949 676 1073 718 illius
1104 677 1228 731 legis
1253 682 1300 718 et
1322 690 1418 717 non
1441 677 1576 717 aliter
1595 677 1874 731 placeretur,
1893 683 1908 715 5

559 750 606 785 et
636 758 725 798 per
757 758 1058 799 consequens
1086 747 1415 801 pacificaretur
1445 747 1587 788 homo
1622 761 1726 787 cum
1747 748 1874 794 Deo;

558 814 643 854 sed
686 820 823 856 nacta
863 829 983 869 pace
1030 829 1134 857 cum
1165 817 1287 866 De0,
1332 816 1588 870 acquiritur
1631 831 1730 870 pax
1771 830 1876 858 cum

558 883 769 936 qualibet
802 891 1026 927 creatura.
1078 885 1330 939 Quomodo
1362 900 1496 940 rogo,
1528 899 1625 926 non
1658 887 1876 927 obediret

558 959 606 993 et
626 954 886 1007 proficeret
908 956 1122 1009 quelibet
1146 961 1360 997 creatura
1380 955 1568 1008 homini,
1593 955 1668 997 cui
1689 956 1877 997 videret

555 1023 711 1064 Deum
762 1037 896 1065 suum
962 1025 1270 1067 amicabiliter
1315 1025 1524 1076 obedire,
1598 1025 1744 1081 igitur
1788 1026 1877 1067 etsi
1896 1042 1935 1063 10

555 1095 764 1134 membra
791 1092 795 1149 Ι
825 1095 1018 1148 dyaboli
1045 1096 1272 1137 tribulant
1300 1096 1473 1136 amicos
1503 1095 1687 1147 Christi,
1719 1101 1877 1136 tamen
1917 1100 1998 1143 245⁰¹

555 1169 758 1218 prosunt
787 1163 889 1216 illis,
924 1170 974 1205 ut
1007 1164 1347 1206 obedienciarii
1380 1171 1428 1205 et
1459 1163 1611 1216 amici3
1653 1165 1721 1206 sic
1755 1165 1876 1206 enim

556 1232 772 1275 Scarioth
803 1234 888 1275 fuit
919 1235 1094 1276 amicus
1118 1234 1319 1286 Christo,
1351 1235 1452 1286 Joh.
1474 1233 1661 1288 XVIII,
1696 1240 1743 1275 et
1770 1248 1875 1288 pro-

558 1304 737 1344 curavit
767 1304 878 1345 licet
908 1304 1056 1345 invite
1089 1304 1303 1345 serviens
1335 1317 1501 1358 pacem
1534 1303 1718 1346 Christi.

614 1374 749 1425 Item,
792 1375 873 1414 lex
918 1374 1092 1416 Christi
1134 1388 1223 1429 per
1268 1388 1319 1415 se
1363 1374 1588 1428 gigneret
1632 1373 1932 1428 copiosius15

559 1442 798 1484 caritatem
840 1444 888 1484 in
931 1445 1112 1498 populo
1158 1458 1298 1498 quam
1335 1445 1471 1500 leges
1514 1444 1752 1485 hominum
1789 1457 1877 1497 per

557 1526 608 1553 se
641 1513 719 1553 vel
752 1514 1007 1555 commixte
1039 1514 1136 1568 legi
1157 1514 1362 1555 Domini.
1394 1513 1455 1554 Et
1476 1519 1611 1568 patet
1633 1513 1874 1555 conclusio

558 1583 816 1624 corollaria.
868 1584 1181 1638 Assumptum
1219 1589 1354 1638 patet
1393 1597 1454 1624 ex
1491 1585 1594 1635 hoc,
1635 1584 1763 1638 quod
1794 1584 1875 1624 lex

553 1652 746 1693 Domini
777 1653 984 1707 precipit
1016 1654 1173 1707 quoad
1203 1655 1331 1695 bona
1361 1659 1526 1694 nature
1554 1655 1741 1707 prebere
1766 1667 1872 1706 per-

554 1723 741 1764 cncienti
761 1724 1003 1765 maxillam
1017 1725 1272 1778 sinistram,
1295 1724 1457 1765 Matth.
1473 1723 1519 1762 V
1534 1738 1600 1777 39,
1622 1738 1691 1776 40,
1716 1723 1874 1777 quoad
1890 1739 1931 1761 20

552 1794 679 1833 bona
720 1792 909 1834 fortune
959 1793 1140 1835 volenti
1184 1793 1372 1846 anferre
1417 1794 1622 1835 tnnicam
1666 1794 1781 1834 dare
1836 1797 1875 1834 et

550 1864 761 1915 pallium,
794 1876 904 1917 ymo
937 1865 1101 1905 volenti
1131 1867 1276 1905 tecnin
1320 1865 1369 1904 in
1412 1864 1580 1904 indicio
1612 1864 1874 1904 contendere

553 1935 593 1973 et
613 1933 816 1974 tun-icam
840 1934 992 1974 tollere
1015 1934 1125 1973 dare
1155 1933 1384 1981 debitum;
1414 1933 1540 1974 unde
1562 1933 1690 1973 Luce
1713 1932 1796 1986 VI,
1819 1946 1873 1984 30

553 2001 741 2042 dicitur:
793 2002 880 2056 Qni
918 2003 1071 2055 aufert
1113 2016 1195 2056 qne
1232 2006 1312 2044 tna
1348 2006 1453 2044 snnt
1489 2016 1543 2044 ne
1579 2006 1769 2056 repetas.
1812 2002 1874 2043 Et

551 2071 641 2112 ista
672 2071 851 2126 triplex
893 2073 1137 2126 paciencia
1178 2087 1268 2127 per
1310 2087 1361 2113 se
1404 2073 1654 2114 induceret
1684 2073 1873 2126 plenam
1889 2078 1928 2111 25

552 2154 733 2194 pacem,
768 2142 1095 2196 extinguendo
1130 2142 1400 2185 discordias.

612 2212 709 2251 Nec
740 2212 869 2252 valet
904 2211 1106 2252 infidelis
1138 2212 1366 2265 obiectus,
1407 2225 1503 2266 quo
1544 2211 1713 2252 dicitur
1744 2212 1872 2264 quod

553 2285 665 2321 tunc
699 2281 1061 2335 extingueretur
1095 2282 1490 2335 complementum
1522 2280 1721 2332 iusticie,
1761 2280 1871 2334 quia

551 2350 687 2391 Deus
730 2351 857 2392 foret
907 2351 1222 2393 necessitatus
1277 2352 1333 2392 ad
1384 2351 1733 2405 providendum
1785 2363 1869 2390 sue

553 2420 756 2461 ecclesie
803 2434 864 2461 ex
906 2421 1015 2461 hinc
1049 2422 1106 2461 ad
1137 2421 1316 2473 melius,
1361 2434 1471 2475 ymo
1520 2420 1587 2461 sic
1620 2420 1871 2461 accederet
1886 2427 1927 2459 30

552 2490 609 2529 ad
642 2495 814 2531 statum
847 2490 1273 2544 exproprietarium
1302 2491 1410 2544 plus
1442 2490 1718 2544 perfectum.
1750 2489 1867 2530 Ideo

549 2557 675 2599 idem
706 2559 832 2600 foret
863 2559 930 2600 sic
963 2560 1121 2600 dicere
1156 2566 1203 2601 et
1233 2560 1462 2601 blasfeme
1492 2560 1738 2613 imponere
1760 2559 1867 2599 Deo

549 2628 885 2681 inpotenciam,
929 2629 1277 2683 negligenciam
1311 2629 1413 2671 sive
1446 2629 1680 2679 invidiam,
1715 2634 1763 2669 et
1783 2641 1870 2682 per

553 2710 853 2751 consequens
878 2700 1007 2753 quod
1028 2699 1199 2753 legifer
1220 2700 1472 2740 nonnullus
1489 2700 1718 2740 extollitur
1730 2711 1870 2751 snper

551 2781 694 2820 omne,
724 2770 842 2821 qnod
871 2770 1041 2810 dicitnr
1073 2768 1208 2811 Dens.

622 2926 671 2955 23.
693 2928 731 2955 B:
753 2928 888 2955 tunicam
907 2928 1101 2956 contendere.
