2078 3338
271 284 348 333 136

996 287 1222 319 JOHANNIS
1248 287 1433 319 WYCLIF
1676 276 1783 328 [CAP.
1804 285 1871 313 VII.

553 389 718 431 Matth.
749 390 867 431 XX.
920 389 999 432 Sic
1039 391 1161 431 enim
1195 391 1406 432 Christus
1438 391 1526 432 fuit
1563 391 1765 432 omnium
1794 392 1873 431 ho-

553 458 727 499 minum
770 473 936 501 servus
980 461 1277 501 necessarior
1320 474 1373 500 ac
1418 460 1586 512 mitior,
1639 466 1690 501 ut
1733 460 1877 500 docet

554 529 839 570 Ambrosius
881 529 1094 583 epistola,
1146 536 1195 570 et
1237 530 1537 583 Augustinus
1581 530 1656 570 De
1700 529 1875 570 Verbis

552 599 745 639 Domini
767 613 988 640 sermone
1010 599 1149 640 VIII:
1180 600 1417 640 hominem
1441 605 1711 652 coaptatum
1738 612 1876 639 unam

551 668 667 709 fecit
696 669 830 709 Deus
865 682 970 709 cum
1002 682 1144 710 servo
1176 682 1440 723 personam.
1487 668 1652 709 Voluit
1687 669 1908 722 inquam5

552 751 753 792 regnum
776 752 910 779 suum
935 739 1216 792 conquirere
1238 752 1326 792 per
1345 738 1565 779 humilem
1587 738 1876 792 pacienciam

551 807 732 860 iniurie,
806 814 854 849 et
912 815 1074 849 cetera
1125 822 1249 849 arma
1290 808 1516 849 virtutum
1561 814 1610 848 et
1651 821 1747 848 non
1789 821 1877 861 per

553 878 779 932 gentilem
829 878 1130 931 dominatum,
1175 891 1315 932 quem
1360 877 1587 932 apostolis
1632 877 1728 918 suis
1771 891 1875 931 pro-

550 948 714 1000 hibuit,
759 948 846 988 sed
882 948 1060 988 reverti
1096 947 1248 988 voluit
1285 948 1343 987 ad
1373 947 1595 988 iudicium
1630 947 1679 987 in
1711 947 1878 988 celesti

551 1017 774 1058 Dominio
807 1017 1033 1071 glorioso.
1086 1017 1226 1057 Unde
1257 1017 1501 1069 infidelior,
1531 1017 1799 1057 horribilior
1831 1024 1935 1057 et1o

554 1087 750 1128 stulcior
781 1101 876 1127 non
908 1092 1078 1140 posset
1107 1087 1211 1127 fieri
1243 1087 1434 1140 argucia
1456 1100 1595 1140 quam
1618 1100 1681 1127 ex
1701 1087 1878 1127 vicaria

551 1157 779 1211 primatus
810 1157 943 1197 Petri
983 1162 1031 1197 et
1063 1156 1236 1197 Christi
1275 1157 1375 1197 eius
1413 1156 1637 1211 magistri,
1678 1169 1876 1210 arguere

552 1228 631 1267 vel
667 1227 863 1267 fundare
900 1226 948 1267 in
988 1240 1149 1266 eorum
1187 1226 1373 1267 vicariis
1412 1225 1734 1280 triplicitatem
1770 1240 1875 1280 pre-

555 1296 727 1338 dictam
769 1297 1063 1347 mundanam,
1111 1309 1216 1336 cum
1260 1295 1449 1336 omnino
1491 1296 1775 1336 contrarium
1812 1296 1875 1336 in-

551 1366 743 1409 feratur.
1895 1370 1931 1402 15

609 1437 704 1478 Pro
750 1436 1078 1477 declaracione
1120 1448 1235 1476 vero
1280 1435 1416 1476 istius
1460 1435 1656 1476 materie
1701 1434 1877 1475 adduxi

554 1506 640 1547 alia
660 1506 805 1546 multa
824 1505 1093 1547 testimonia
1115 1505 1175 1545 de
1199 1504 1385 1545 Christo
1417 1511 1465 1546 et
1486 1519 1629 1545 unum
1652 1505 1711 1545 de
1732 1506 1875 1545 beato

552 1576 831 1617 Bernhardo
879 1580 1071 1629 oportet
1102 1580 1336 1628 repetere.
1367 1574 1486 1615 Nam
1519 1574 1642 1615 libro
1667 1574 1876 1615 secundo

554 1647 612 1686 ad
633 1646 899 1700 Eugenium
929 1645 994 1686 ita
1026 1644 1209 1686 scribit:
1249 1644 1369 1697 Quid
1390 1645 1569 1686 dimisit
1593 1646 1673 1685 tibi
1693 1648 1878 1686 sancius

553 1718 798 1770 apostolus,
841 1717 959 1768 quod
1001 1717 1153 1765 habeo,
1195 1715 1275 1755 hoc
1311 1716 1391 1755 tibi
1427 1714 1531 1769 dal
1572 1714 1692 1767 Quid
1728 1714 1877 1755 illud?
1920 1727 1983 1760 194

560 1786 709 1827 Unum
741 1788 859 1827 scio:
889 1798 978 1826 non
1011 1788 1074 1826 esi
1105 1797 1277 1826 aurum
1308 1797 1448 1838 neque
1478 1788 1734 1837 argeutum,
1771 1796 1876 1824 cum

551 1857 649 1908 ipse
679 1856 822 1897 dicat:
853 1860 1096 1908 argentum
1128 1858 1167 1896 ei
1198 1867 1370 1895 durum
1407 1867 1497 1895 uon
1529 1858 1593 1895 est
1623 1854 1773 1895 michi.
1825 1852 1877 1893 Si

552 1926 716 1966 habere
767 1926 1011 1978 contingat,
1063 1929 1188 1965 utere
1230 1937 1321 1965 non
1358 1937 1448 1978 pro
1500 1925 1628 1965 libitu
1671 1925 1751 1964 sed
1787 1935 1875 1976 pro

553 1998 766 2047 tempore.
802 1994 877 2035 Sic
915 1996 1007 2035 eris
1026 1998 1155 2035 utens
1186 1992 1279 2035 illis
1310 1995 1445 2046 quasi
1474 2007 1565 2034 uon
1596 1997 1734 2035 utens.
1766 1993 1877 2046 Ipsa

553 2065 736 2116 quidem
767 2066 831 2105 αα
863 2065 1013 2105 animi
1044 2065 1211 2105 honum
1244 2077 1335 2106 non
1365 2067 1580 2117 spectant,
1619 2063 1932 2104 cuiusmodi25

552 2138 658 2174 sunt
689 2135 862 2185 divicie,
894 2147 974 2175 uec
1003 2138 1109 2175 sunt
1132 2148 1221 2188 per
1251 2147 1298 2176 se
1329 2135 1445 2175 bona
1476 2146 1556 2174 uec
1585 2134 1727 2186 mala,
1766 2145 1877 2173 usus

554 2207 707 2244 autem
728 2205 890 2244 horum
914 2205 1067 2258 bonus,
1100 2205 1258 2245 abusio
1282 2205 1424 2253 mala,
1455 2203 1709 2244 sollicitudo
1735 2204 1876 2255 peior,

553 2276 734 2326 questus
763 2274 956 2327 turpior.
994 2274 1100 2315 Esto
1132 2278 1180 2315 ut
1211 2275 1310 2315 alid
1339 2274 1524 2314 racione
1553 2273 1630 2313 hec
1659 2272 1738 2313 tibi
1768 2284 1874 2312 ven-

554 2345 674 2384 dices
695 2345 775 2384 sed
795 2356 884 2384 uon
907 2345 1151 2396 apostolico
1175 2345 1288 2384 iure.
1321 2343 1413 2384 Nec
1435 2344 1556 2384 enim
1577 2343 1652 2383 ille
1670 2342 1750 2382 tibi
1763 2343 1877 2382 dare

548 2414 697 2467 potuit
716 2415 834 2465 quod
855 2426 946 2454 mon
966 2414 1146 2463 habuit;
1175 2414 1294 2465 quod
1313 2413 1469 2453 habuit
1488 2414 1568 2453 hoc
1588 2412 1722 2466 dedit,
1754 2413 1875 2453 solli-
1892 2415 1934 2447 30

554 2485 800 2525 citudinem
822 2487 871 2524 ut
891 2484 987 2524 dixi
1006 2496 1147 2537 super
1168 2484 1387 2525 ecclesias.
1410 2482 1647 2535 Numquid
1660 2483 1874 2524 domina-

1985 1716 1998 1732 d

625 2640 654 2669 7.
676 2632 792 2661 Codd.:
814 2634 993 2662 veritatum.
1070 2632 1111 2660 18.
1136 2634 1165 2660 A
1184 2632 1214 2659 in
1236 2640 1352 2668 marg:
1382 2631 1472 2660 Nota.
1494 2631 1576 2659 Nota
1597 2632 1718 2659 beatum
1737 2629 1876 2659 Bernar—

556 2679 626 2706 dum
646 2682 754 2708 contra
774 2679 1021 2706 dominacionem
1041 2679 1121 2706 cleri
1135 2678 1191 2705 sed
1208 2685 1270 2705 non
1290 2680 1400 2706 eontra
1420 2677 1636 2712 temporalium
1655 2676 1876 2712 possessionem

556 2729 585 2754 et
603 2726 899 2762 appropriacionem
920 2725 1156 2761 evangelicam;
1178 2725 1200 2752 B
1224 2726 1254 2752 in
1283 2732 1396 2760 marg:
1433 2723 1515 2759 Quid
1539 2724 1657 2751 dimisit
1685 2723 1796 2751 Petrus
1813 2724 1877 2751 suis

552 2772 792 2801 successoribus.
868 2770 915 2800 23.
938 2773 1032 2799 utere.
1057 2769 1175 2799 Codd.:
1196 2778 1278 2798 vere.
1363 2778 1409 2805 24.
1434 2769 1552 2798 Codd.:
1572 2769 1696 2797 malicia
1716 2769 1875 2805 temporis,

627 2859 655 2891 3.
683 2858 730 2891 St.
757 2857 942 2899 Augustini
970 2857 1060 2899 Opp.
1087 2862 1173 2888 tom.
1199 2857 1240 2896 V,
1267 2866 1300 2897 p.
1327 2856 1404 2898 373.
1507 2865 1556 2898 19.
1584 2855 1666 2896 Cap.
1693 2854 1750 2887 VI.
1782 2854 1875 2896 Opp.

556 2917 700 2959 (Migne)
728 2917 749 2957 1,
778 2914 855 2957 748.
