2078 3338
183 263 272 291 CAP.
299 252 368 310 HL]
578 266 637 297 DE
664 264 943 297 POTESTATE
971 263 1099 296 PAPE.

181 369 338 410 sufflat
366 369 520 423 ipsum
559 371 615 409 ab
649 382 754 409 area
784 368 1009 408 virtutum
1043 369 1414 408 comburendum
1447 375 1497 409 ut

181 439 362 491 paleam
408 440 487 479 vel
517 439 686 479 bestiis
720 438 921 478 civitatis
943 438 1135 492 dyaboli
1164 438 1497 479 devorandum.

181 507 430 561 Expetivit
471 508 615 562 igitur
659 509 873 548 sathanas
913 513 963 548 ut
997 513 1110 560 post
1141 507 1497 561 percussionem

68 579 144 624 171d
181 577 385 630 pastoris
416 584 585 631 posset
617 591 700 618 eos
729 578 734 629 Ι
762 577 1041 630 temptando
1073 583 1328 617 concutere
1351 582 1496 617 vento

151 647 421 700 5superbie,
464 646 782 700 perplexitate
817 646 1085 687 diffidencie
1131 651 1179 687 et
1221 646 1320 687 aliis
1357 646 1497 686 collu-

183 716 395 756 sionibus
448 716 780 769 spiritualibuS,
833 729 928 756 non
980 716 1038 756 ad
1091 716 1498 769 expurgacionem

182 785 626 838 predestinatorum,
647 785 760 825 licet
781 786 871 825 hoc
887 784 1093 835 sciverit,
1112 786 1197 825 sed
1220 785 1277 825 ad
1293 784 1497 838 dampni-

180 854 413 894 ficandum
455 854 690 908 prescitos
734 854 929 894 relictos
974 860 1025 894 ut
1060 855 1210 907 palea,
1255 856 1383 908 quod
1418 856 1498 895 ob-

181 923 319 964 tinuit
347 924 396 964 in
426 924 557 975 Juda.
607 924 669 964 Et
715 923 781 964 sic
826 923 1022 963 licencia
1066 936 1294 964 concessa
1338 937 1362 964 a
1391 925 1497 964 Deo

129 1010 166 1031 ιο
182 993 374 1034 sathane
420 994 477 1033 ad
520 993 844 1046 temptandum
896 993 1140 1046 apostolos
1191 998 1354 1046 preter
1398 993 1497 1033 eius

179 1062 480 1116 propositum
525 1063 647 1104 sicut
696 1063 743 1103 in
794 1065 935 1103 beato
978 1063 1070 1114 Job
1126 1063 1269 1103 cessit
1320 1063 1387 1103 eis
1440 1063 1499 1103 ad

183 1133 491 1183 commodum,
525 1146 630 1173 cum
663 1138 795 1173 erant
827 1132 1017 1173 cribrati
1048 1132 1169 1173 sicut
1200 1132 1419 1173 triticum.

1734 275 1786 313 45

239 1202 337 1243 Sed
360 1204 584 1257 secundo,
617 1208 670 1243 ut
699 1207 962 1256 cognoscat
994 1202 1243 1243 ecclesiam
1274 1216 1369 1243 non
1399 1216 1424 1242 a
1445 1215 1497 1242 se
1512 1219 1618 1247 Christ
1639 1223 1782 1254 suggests

178 1272 270 1312 hoc
312 1272 506 1325 habere,
551 1273 636 1312 sed
681 1286 705 1312 a
746 1272 840 1312 fide
886 1278 932 1312 et
975 1271 1135 1326 gracia
1179 1272 1353 1312 domini
1382 1272 1497 1323 Jesu

128 1346 163 1379 15
182 1341 365 1391 Christi,
409 1348 460 1382 ut
491 1342 569 1382 vel
612 1342 679 1382 sic
722 1341 997 1395 postposita
1029 1342 1254 1395 superbia
1286 1342 1498 1382 celebret

182 1411 281 1452 eius
312 1412 509 1463 laudem,
542 1411 698 1452 statim
730 1410 992 1464 subiungit:
1025 1411 1121 1464 Ego
1149 1415 1301 1452 autem
1333 1412 1498 1464 rogavi

172 1494 262 1534 pro
294 1484 346 1533 te,
390 1485 438 1521 ut
468 1494 557 1522 uon
596 1482 774 1533 deficiat
799 1482 924 1533 fides
960 1485 1053 1535 tua,
1097 1481 1144 1521 in
1183 1495 1276 1535 quo
1309 1481 1497 1522 videtur

178 1550 374 1591 innuere
400 1551 649 1604 primatum
670 1551 803 1591 Petri
832 1550 880 1591 in
910 1551 1002 1591 hoc
1036 1551 1166 1604 quod
1196 1550 1385 1591 nomine
1409 1564 1495 1591 suo

182 1620 404 1673 exprimit
460 1625 607 1661 totam
660 1620 907 1661 ecclesiam
958 1620 1254 1675 militantem;
1307 1633 1499 1674 semper

123 1706 165 1727 20
181 1689 302 1729 enim
332 1695 489 1730 manet
518 1690 639 1730 fides
673 1689 875 1730 ecclesie
906 1689 954 1729 in
987 1703 1077 1729 una
1107 1702 1312 1743 persona
1342 1691 1421 1730 vel
1450 1689 1498 1730 in

180 1759 279 1813 alia,
324 1759 448 1800 sicut
477 1759 525 1800 in
563 1766 727 1800 sancto
761 1760 973 1810 sabbato,
1019 1760 1207 1813 quando
1244 1759 1419 1800 defecit
1450 1759 1498 1799 in

178 1830 337 1883 Petro,
371 1835 559 1870 servata
579 1830 734 1870 fuerat
754 1829 801 1869 in
822 1828 981 1872 Maria.
1015 1828 1114 1870 Ista
1134 1829 1279 1883 igitur
1299 1829 1496 1884 negacio

181 1901 447 1950 accomoda,
480 1899 727 1940 verificans
760 1899 935 1940 dictum
969 1898 1151 1952 Christi,
1190 1900 1331 1939 docet
1369 1899 1498 1952 quod

179 1969 364 2010 nomine
383 1982 469 2010 suo
484 1975 721 2023 tamquam
738 1969 970 2022 capitanei
985 1969 1225 2022 expressit
1240 1968 1498 2010 ecclesiam.

122 2044 161 2076 25
179 2037 276 2080 Sed
295 2038 444 2079 tercio
479 2041 548 2092 (ut
571 2039 772 2093 exposui
793 2039 839 2080 in
864 2039 1069 2092 capitulo
1088 2039 1134 2080 V
1153 2039 1307 2092 huius)
1329 2039 1498 2079 limitat

177 2108 385 2161 prelacie
417 2109 634 2161 officium,
669 2123 773 2149 cum
806 2109 1058 2149 subinfert:
1092 2109 1147 2150 Et
1177 2113 1225 2150 tu
1248 2110 1496 2161 aliquando

178 2191 418 2220 conversus
469 2180 695 2231 confirma
733 2179 917 2232 fratres
958 2183 1069 2231 tuos,
1118 2179 1246 2233 quod
1289 2179 1496 2219 officium

178 2253 292 2301 post
321 2249 422 2300 Joh.
457 2248 594 2301 XXI,
634 2263 679 2302 17
716 2249 916 2303 exponit
947 2249 1236 2303 expressius,
1270 2262 1375 2289 cum
1406 2248 1496 2289 sibi

180 2318 477 2371 singulariter
513 2318 716 2373 iniungit
752 2319 902 2360 tribus
940 2318 1123 2359 vicibus
1160 2331 1352 2371 pascere
1394 2332 1496 2360 oves

123 2392 165 2424 30
178 2401 312 2437 sua&
342 2389 467 2429 unde
499 2389 602 2440 Joh.
635 2388 751 2439 XX,
791 2403 896 2440 1—-9
931 2388 1099 2429 dicitur
1130 2389 1259 2442 quod
1291 2388 1496 2441 apostoli

182 2457 340 2498 audito
376 2471 401 2498 a
421 2458 703 2512 Magdalena
725 2460 958 2500 sublatum
990 2471 1084 2499 esse
1117 2471 1284 2512 corpus
1303 2458 1495 2499 Domini

179 2527 349 2567 Petrus
374 2532 422 2567 et
442 2528 694 2581 Johannes,
724 2527 772 2568 in
795 2528 966 2582 quibus
996 2528 1116 2568 fides
1147 2527 1388 2568 remissius
1422 2533 1496 2568 est

180 2596 398 2648 extincta,
438 2603 756 2648 cucurrerunt,
798 2603 849 2638 ut
878 2598 1109 2638 haberent
1141 2596 1494 2651 experienciam

251 2802 278 2830 5.
311 2802 350 2830 B:
377 2802 597 2838 perplexitate.
720 2810 769 2837 20,
804 2810 849 2830 21.
881 2803 925 2830 A:
958 2803 1006 2830 vel
1035 2803 1109 2830 alia.
1230 2811 1275 2831 21.
1308 2803 1347 2831 B:
1380 2803 1492 2839 deficit.

182 2856 231 2883 22,
265 2847 314 2876 23.
348 2849 464 2876 Codd.:
496 2848 628 2885 negacio
658 2848 827 2876 accomoda
855 2848 978 2876 aconda
1010 2849 1088 2883 (sic).
1176 2849 1226 2877 26.
1261 2849 1298 2876 B:
1332 2852 1364 2876 tu
1397 2849 1491 2876 deest.

182 2894 230 2922 28.
253 2894 370 2922 Codd.:
390 2894 460 2922 Joh.
480 2895 543 2922 XX.

1520 1255 1570 1282 the
1590 1254 1729 1290 primacy
1747 1254 1783 1281 of

1581 1290 1668 1316 Peter
1686 1289 1716 1316 in

1511 1324 1697 1359 addressing
1717 1323 1779 1350 him

1528 1367 1561 1386 as
1581 1359 1607 1387 if
1623 1359 1661 1386 he
1681 1366 1761 1385 were

1545 1394 1596 1422 the
1617 1393 1751 1422 Church.
