2078 3338
233 254 322 282 CAP.
343 243 412 300 xi]
631 257 688 288 DE
716 257 998 289 POTEsTATE
1025 258 1154 290 ΡΑΡΕ.
1761 263 1808 300 27
1818 264 1840 299 9

232 362 347 402 illud
359 360 496 414 Apok.
505 362 636 411 XIX,
651 362 680 402 8
689 377 700 399 .·
713 361 887 402 Datum
904 365 965 402 est
978 374 1142 414 sponse
1156 366 1202 402 ut
1217 365 1394 416 operiat
1407 377 1453 404 se
1468 366 1550 405 bis-

230 433 328 473 sino
337 432 588 484 splendenti
605 432 813 472 candido.
830 432 891 472 Et
900 432 1112 485 sequitur
1129 433 1396 486 exposicio:
1412 433 1550 474 Bissi-

231 514 343 542 uunz
367 502 488 542 enini
511 502 861 553 iustificaciones
882 506 987 542 sunt
1007 506 1284 544 sanctorum.
1321 502 1438 544 Caro
1461 504 1552 555 qui-

232 573 334 612 ctein
357 572 555 611 hominis
572 572 870 624 mundiciam,
885 585 1024 624 quain
1048 576 1282 613 exnatura
1306 585 1392 613 uon
1414 573 1553 623 hahet,

200 641 380 681 5stndi0
418 642 528 681 bono
568 641 738 692 aquirit
767 653 857 693 per
889 642 1120 694 graciam,
1158 643 1273 682 sicut
1311 642 1456 682 bissus
1486 643 1555 682 vel

231 712 379 751 linunt
417 711 664 750 candorem
701 722 852 757 suuni,
891 723 1022 762 quem
1054 715 1228 751 natura
1264 724 1353 751 non
1385 712 1551 764 habuit,

225 793 314 833 per
344 781 547 820 studium
580 783 619 820 et
650 781 931 821 industriam
964 781 1159 832 artificis
1183 782 1407 833 aquisivit,
1442 783 1553 821 duni

233 851 390 890 niultis
420 851 704 890 tunsionibus
735 862 789 891 ac
819 851 1067 891 locionihus
1104 852 1415 892 illustracione
1446 852 1555 891 solis

232 921 444 960 sc‘ccantis
474 921 608 972 quasi
637 922 841 972 quadani
874 921 1092 961 violencia
1124 922 1334 962 attritum
1363 922 1555 962 vertitur

179 990 280 1030 min
322 990 537 1030 alborem.
601 988 809 1043 Oportet
860 989 1048 1043 quidem
1101 991 1270 1031 crebro
1324 991 1553 1044 castigare

233 1072 407 1112 corpus
460 1064 508 1099 et
556 1058 604 1099 in
656 1059 934 1100 servitutem
983 1060 1217 1113 redigere,
1272 1060 1394 1101 sicut
1443 1060 1554 1100 dicit

230 1129 496 1183 Apostolus
518 1128 668 1182 prima
691 1128 794 1171 Cor.
817 1128 892 1169 IX
913 1142 964 1170 se
987 1129 1179 1180 fecisse3
1210 1135 1257 1170 et
1280 1130 1346 1170 sic
1367 1130 1552 1183 positus

230 1198 278 1238 in
309 1212 430 1252 aqua
460 1198 783 1240 tribulacionis
823 1204 868 1238 et
905 1203 1073 1240 tunsus
1105 1199 1365 1241 tortoribus
1406 1213 1458 1240 ac
1489 1200 1552 1239 in-

231 1268 369 1309 terim
412 1268 514 1308 sole
558 1267 742 1308 iusticie
789 1269 1059 1310 consolatus
1105 1283 1130 1309 a
1161 1269 1553 1310 tribulacionibus

181 1338 436 1380 &siccatus
472 1342 519 1378 et
552 1338 708 1378 calore
739 1338 953 1380 veritatis
987 1352 1227 1381 accensus

291 1407 512 1449 Secunda
533 1408 683 1449 vestis
707 1413 781 1449 est
796 1421 925 1459 zona,
958 1409 1175 1450 baltheus
1197 1410 1275 1449 vel
1302 1409 1550 1463 cingulum,
1591 1415 1662 1477 {3¹3⁴}
1678 1415 1832 1477 seglsslffrgf

230 1477 489 1519 latitudinis
534 1478 670 1532 quasi
701 1484 902 1531 quatuor
932 1478 1198 1533 digitorum,
1243 1479 1551 1529 reticulatam,
1603 1473 1817 1548 Siflffigfiiarnoe'

232 1547 364 1602 quasi
384 1547 521 1601 pellis
543 1548 775 1600 vipperea
796 1548 873 1588 vel
904 1549 1063 1589 stricta
1093 1550 1248 1589 tunica
1278 1550 1401 1589 linea
1429 1549 1553 1589 circa
1630 1541 1647 1555 ὗ
1803 1542 1809 1549 '

230 1630 372 1668 renes,
400 1630 488 1670 per
519 1618 648 1658 cuius
668 1617 844 1669 fortem
876 1618 1142 1658 tinccioneni
1173 1622 1369 1666 notatur,
1402 1622 1450 1658 ut
1471 1630 1550 1658 ca-

176 1706 215 1726 20
230 1689 361 1729 stitas
380 1688 631 1728 sacerdotis
651 1688 773 1727 nullo
795 1688 1126 1728 incentivorum
1148 1692 1255 1737 estu,
1278 1688 1552 1740 cogitacione

230 1758 298 1798 vel
312 1770 445 1810 opere
464 1758 754 1808 dissolvatur,
788 1758 917 1797 iuxta
939 1758 1054 1797 illud
1074 1757 1193 1798 Luce
1205 1757 1315 1807 XII,
1338 1758 1419 1797 35.-
1452 1756 1553 1797 Sint

231 1828 375 1869 lumbi
406 1828 542 1868 vestri
567 1828 802 1879 precincti.
848 1827 903 1867 Et
933 1829 998 1868 sic
1030 1829 1202 1868 candor
1233 1827 1366 1868 vestis
1398 1828 1552 1880 signat

231 1898 534 1951 mundiciam,
577 1909 691 1937 zona
719 1909 825 1937 vero
860 1898 1205 1946 continenciam,
1249 1900 1296 1937 ut
1332 1898 1427 1937 illic
1463 1909 1551 1937 non

230 1969 472 2018 sordescat,
516 1968 586 2008 hic
628 1979 718 2007 non
762 1966 920 2019 effluat
963 1967 1247 2008 conversacio
1291 1967 1551 2007 sacerdotisu

113 2041 194 2076 230‘l
231 2038 300 2079 De
335 2051 449 2079 zona
480 2038 647 2090 legitur
676 2037 813 2078 Exod.
844 2037 1053 2078 XXVII:
1085 2037 1296 2078 distinctu
1324 2038 1328 2088 Ι
1357 2040 1552 2089 quatuor

231 2109 470 2159 coloribus,
491 2109 658 2149 scilicet
679 2109 796 2148 hisso
818 2111 857 2148 et
881 2120 1114 2161 purpura,
1137 2108 1329 2148 iacincto
1353 2111 1391 2147 et
1413 2119 1550 2147 cocco.

230 2179 323 2218 Per
366 2190 456 2231 que
498 2176 631 2217 iuxta
663 2176 983 2231 signacionem
1015 2176 1277 2230 predictam
1316 2175 1551 2229 duplicem

232 2248 412 2301 duplex
445 2247 772 2300 quaternarius
807 2246 1099 2300 designatur:
1132 2246 1290 2286 Primo
1329 2251 1552 2286 notantur

232 2323 430 2371 quatuor
452 2317 654 2358 virtutes
679 2316 952 2367 cardinales,
986 2316 1167 2357 scilicet
1193 2315 1390 2366 iusticia,
1423 2315 1550 2356 forti-

175 2399 216 2431 30
230 2388 361 2438 tudo,
392 2387 712 2440 temperancia
740 2392 786 2426 et
817 2386 1088 2440 prudencia,
1120 2400 1208 2439 per
1231 2399 1346 2439 quas
1370 2384 1551 2426 cinctus

232 2457 409 2498 animus
455 2462 614 2498 servat
657 2456 924 2497 albedinem
967 2456 1130 2506 vestis,
1178 2469 1266 2509 per
1310 2468 1447 2508 quam
1491 2454 1552 2494 sit

232 2528 387 2581 digna,
420 2531 473 2567 ut
495 2526 664 2567 dicitur
684 2527 838 2579 Apoc.
859 2525 994 2577 XIV,
1025 2540 1038 2565 1
1075 2526 1201 2577 sequi
1232 2533 1407 2577 agnum
1438 2536 1549 2576 quo-

230 2609 419 2650 cuinque
457 2597 571 2637 ierit.
622 2596 682 2636 Et
715 2600 789 2636 est
823 2594 1255 2648 correspondencia
1293 2594 1551 2633 electorum

229 2668 277 2708 in
298 2667 401 2708 istis
424 2672 624 2720 quatuor
647 2665 868 2706 coloratis
892 2665 949 2705 ad
976 2664 1091 2705 istas
1113 2669 1314 2717 quatuor
1335 2663 1549 2712 virtutes,

304 2813 326 2839 1,
349 2813 375 2832 2.
398 2804 515 2832 Codd.:
541 2804 688 2830 bissinum
717 2802 905 2838 splendentis
930 2801 1096 2828 candidum
1117 2803 1147 2827 ut
1169 2801 1263 2827 deest.
1344 2799 1371 2827 3.
1392 2799 1492 2827 Codd.
1518 2799 1550 2826 in

231 2859 346 2886 marg:
361 2851 436 2878 Alba
450 2850 553 2884 prima
567 2849 666 2877 vestis.
742 2857 786 2876 10.
801 2848 951 2883 Oportet;
963 2848 999 2875 ss:
1013 2847 1086 2874 Sed.
1145 2846 1188 2874 16.
1202 2846 1301 2874 Codd.
1317 2846 1348 2873 in
1365 2854 1479 2881 marg:
1495 2845 1550 2872 Se-

231 2897 332 2925 cunda
344 2904 430 2933 zona.
507 2895 550 2924 18⁴
563 2896 601 2923 B:
619 2895 709 2923 Circa
721 2895 814 2922 deest.
874 2902 918 2921 21.
936 2893 1035 2920 Codd.
1048 2903 1054 2920 ε
1068 2892 1167 2919 Lucae
1180 2892 1244 2919 XII.
1298 2900 1346 2919 22.
1359 2893 1385 2919 A
1395 2902 1402 2918 ι
1414 2890 1451 2918 Et
1461 2892 1550 2918 sicut.
