2078 3338
213 278 303 306 CAP-
318 268 387 325 XL]
606 281 666 312 DE
691 280 974 313 POTESTATE
1000 281 1134 312 PAPE.

270 385 403 436 Item,
436 389 488 425 ut
518 390 653 438 patet
690 398 753 425 ex
785 384 923 425 dictis
964 390 1014 425 et
1044 383 1315 425 testimonio
1357 384 1532 425 domini

1739 283 1820 322 307

1595 395 1644 422 All
1666 395 1777 422 orders

1631 429 1737 457 confer

212 454 508 508 Ardmacani‚
532 468 693 495 omnes
715 459 985 508 potestates
1002 453 1180 494 ordinis
1202 459 1311 494 sunt
1325 455 1531 507 equales.
1557 465 1735 499 essentiauy
1755 466 1806 492 the

212 538 301 565 nec
332 523 553 564 minuitur
591 524 738 564 eciam
780 523 1030 578 potestatis
1067 523 1383 564 iurisdicionis
1423 537 1530 564 exe-

214 593 361 642 cucio,
394 593 484 633 nisi
517 594 575 633 de
610 598 784 647 quanto
816 593 1162 634 racionabiliter
1196 599 1271 634 est
1301 592 1531 634 restricta.

180 661 309 704 §Sed
342 663 593 703 deficiente
626 676 928 716 quocumque
961 662 1195 716 superiori
1226 661 1451 716 pontifice
1485 668 1532 703 et

210 732 480 773 imminente
537 732 824 773 necessitate
869 733 929 773 ad
991 732 1181 786 aliquod
1213 732 1532 773 necessarium

92 805 175 849 237(ἰ
213 802 505 844 sacerdotale
560 802 880 855 ministerium,
943 815 1039 843 non
1098 800 1400 858 superlesset‚
1453 802 1533 855 qui

211 871 560 912 racionabiliter
590 871 655 912 ita
685 871 1011 925 restringeret,
1050 885 1165 927 ergo
1208 872 1267 911 de
1301 871 1535 912 communi

210 942 319 995 lege
370 940 464 981 Dei
512 940 677 981 liceret
725 941 937 982 inferiori
994 941 1264 995 presbitero
1322 940 1368 981 in
1423 954 1534 981 casu

160 1027 197 1048 10
211 1010 370 1065 posito
403 1011 638 1064 perficere
670 1010 978 1052 ministerium
1010 1011 1311 1064 assignatum.

1563 508 1648 527 Same
1670 507 1803 534 powerS.

272 1080 581 1121 Confirmatur
611 1080 760 1121 tercio
784 1094 871 1134 per
897 1082 989 1121 hoc
1023 1081 1153 1134 quod
1177 1094 1239 1120 ex
1267 1080 1361 1120 fide
1386 1079 1531 1134 scrip·
1549 1092 1654 1120 Christ
1676 1093 1736 1120 will
1759 1098 1810 1121 not

1555 1128 1658 1155 forbid
1680 1136 1696 1155 a
1717 1129 1812 1164 priest

211 1156 317 1192 ture
356 1150 569 1192 Christus
614 1150 858 1191 assisteret
900 1164 984 1192 sue
1028 1150 1232 1191 ecclesie
1277 1163 1428 1203 usque
1476 1150 1534 1190 ad
1582 1163 1779 1191 rofuifflme

1573 1198 1673 1225 duties
1696 1198 1798 1225 which

211 1221 351 1260 finem
374 1221 534 1270 seculi,
564 1221 650 1260 sed
671 1220 960 1261 irracionalis
985 1226 1032 1262 et
1051 1220 1371 1273 increpandus
1393 1219 1532 1273 foret,
1554 1233 1590 1260 he
1611 1233 1740 1260 himself
1755 1233 1815 1260 laid

213 1289 252 1330 si
296 1290 514 1344 exigeret
557 1303 582 1330 a
628 1290 754 1331 clero
801 1303 887 1331 suo
933 1290 1140 1331 officium
1184 1295 1233 1331 et
1280 1289 1531 1330 assistente

159 1365 453 1413 15potestate
484 1359 739 1413 presbiteri
772 1361 829 1400 ad
860 1360 1127 1401 faciendum
1158 1361 1250 1400 hoc
1280 1358 1534 1412 impediret

212 1429 368 1483 ipsum
420 1429 758 1484 presbiterum;
811 1431 871 1470 ad
923 1430 1241 1484 supplendum
1283 1428 1429 1483 igitur
1473 1442 1535 1468 ex

211 1500 507 1553 plenitudine
550 1499 802 1553 potestatis
837 1499 1011 1541 Christi
1055 1499 1260 1553 simplex
1308 1498 1535 1539 sacerdos

211 1570 258 1611 in
290 1570 371 1611 tali
404 1583 514 1610 casu
555 1571 756 1611 haberet
798 1569 1069 1623 potenciam
1114 1582 1167 1609 ac
1200 1568 1536 1609 sufficienciam

213 1640 271 1680 ad
302 1639 611 1680 ministerium
653 1646 750 1681 tam
795 1639 1114 1681 necessarium
1153 1639 1535 1692 dispensandum.

153 1723 198 1752 ⁷20
213 1708 293 1750 Sic
327 1709 448 1750 enim
490 1715 692 1763 propter
733 1710 1070 1751 necessitatem
1107 1709 1329 1762 baptismi
1361 1707 1536 1749 sufficit

211 1779 375 1833 laycus
406 1779 453 1819 in
488 1779 679 1819 defectu
712 1779 826 1820 cleri
856 1779 1110 1833 baptizare.
1149 1777 1227 1820 Sic
1261 1778 1407 1818 eciam
1440 1777 1532 1818 suf-

210 1848 309 1889 ficit
352 1848 638 1902 quicumque
683 1849 908 1890 sacerdos
953 1849 1157 1902 simplex
1210 1861 1333 1902 eque
1385 1848 1530 1901 plene

213 1931 318 1958 cum
360 1932 486 1972 papa
535 1919 790 1959 absolvere
832 1919 880 1959 in
923 1917 1086 1960 mortis
1131 1918 1341 1968 articulo,
1388 1930 1532 1970 quare

210 1987 355 2041 igitur
386 2002 482 2028 non
515 2001 638 2042 eque
672 1989 847 2030 sufficit
879 1988 1131 2029 deficiente
1164 1987 1398 2041 superiori
1427 2000 1532 2040 pre-

155 2062 194 2094 25
210 2058 306 2099 lato
337 2057 511 2112 ineque
543 2058 815 2099 necessario
849 2059 1168 2099 sacramento?
1218 2058 1377 2110 Leges
1411 2056 1533 2097 enim

210 2128 288 2168 vel
322 2128 695 2169 constituciones
726 2129 928 2169 humane
960 2142 1054 2169 non
1088 2127 1284 2169 obviant
1314 2127 1412 2180 legi
1438 2126 1533 2166 Dei

210 2211 300 2238 nec
345 2203 454 2239 sunt
498 2199 735 2239 credende
787 2199 877 2239 nisi
929 2200 987 2239 de
1045 2203 1222 2252 quanto
1273 2201 1534 2238 consonant

210 2266 398 2310 racioni.

271 2337 445 2378 Contra
474 2337 566 2378 ista
597 2337 808 2391 arguitur
838 2351 927 2392 per
957 2339 1063 2389 hoc,
1097 2338 1227 2391 quod
1247 2337 1383 2378 iuxta
1411 2337 1532 2377 hanc

155 2412 197 2444 30
211 2406 346 2458 viam,
392 2407 514 2448 sicut
553 2408 719 2462 laycus
753 2407 928 2448 sufficit
959 2407 1199 2461 baptizare
1239 2407 1307 2448 sic
1341 2412 1390 2447 et
1422 2420 1530 2447 con-

211 2476 408 2528 firmare,
442 2477 677 2518 conficere
710 2491 764 2518 ac
796 2483 1087 2518 sacramenta
1110 2490 1411 2531 quecumque
1444 2476 1530 2517 alia

212 2546 491 2588 ministrare.
538 2547 654 2600 Quis
684 2547 831 2601 igitur
866 2561 955 2601 pro
995 2546 1301 2590 absolucione
1335 2546 1395 2587 de
1425 2559 1529 2600 per-

213 2616 442 2657 cuciendo
466 2622 544 2657 aut
567 2617 829 2658 occidendo
854 2617 1075 2657 clericum
1097 2617 1245 2657 adiret
1259 2617 1531 2657 Romanum

209 2686 509 2739 pontificem?
554 2687 633 2727 Ad
674 2686 789 2727 illud
821 2686 996 2727 dictum
1042 2692 1116 2727 est
1147 2685 1277 2740 quod
1319 2699 1415 2726 non
1460 2698 1531 2725 se-

281 2876 327 2903 21,
349 2877 398 2897 22.
426 2869 463 2897 B:
490 2868 636 2905 suffi'ciat.
715 2876 766 2896 22.
796 2867 894 2896 Coeia.
923 2868 954 2896 in
981 2876 1105 2904 marga
1122 2869 1310 2897 Ministrare
1332 2872 1528 2897 sacramenta

209 2915 370 2950 deficiente
388 2923 472 2951 papa
492 2917 560 2951 quis
574 2919 687 2950 potest.

1325 2963 1388 2996 20*

1568 1276 1607 1295 on
1629 1269 1677 1294 the
1696 1268 1810 1303 clergy.
