2078 3338
212 290 301 321 CAP.
329 280 413 340 vn]
608 295 667 328 DE
693 294 975 328 POTESTATE
1002 294 1132 328 PAPE.

210 400 423 454 vicarios,
467 400 590 441 unde
630 400 738 454 quia
777 400 1124 441 sofisticacione
1162 400 1350 454 dyaboli
1392 401 1527 442 nimis

210 469 451 511 seducitur
480 470 702 523 populus,
733 483 829 510 non
862 470 1061 510 credens
1094 469 1233 524 signo
1263 470 1528 511 abhomina-

211 540 358 581 cionis
396 539 536 581 stanti
571 540 619 580 in
655 540 763 580 loco
803 545 966 580 sancto
1005 540 1125 581 Dan.
1165 540 1240 581 IX
1279 553 1380 594 cap.
1419 554 1528 594 pro-

208 611 418 664 phetato,
457 609 756 651 abbreviabit
791 610 925 650 Deus
964 610 1065 650 dies
1103 616 1304 664 propter
1347 611 1528 652 electos

178 679 426 720 5faciendo
472 678 752 720 divisionem
794 679 918 720 inter
962 685 1217 734 apostatas,
1262 686 1314 721 ut
1344 682 1422 722 vel
1461 681 1528 721 sic

208 755 431 790 noscatur
461 748 651 790 veritas.
694 749 756 789 Et
787 749 943 790 statim
976 749 1035 789 de
1068 749 1281 790 cavendo
1313 750 1527 804 periculo

210 818 455 859 divisionis
477 819 731 874 subiungit,
753 824 866 860 tunc
888 820 930 861 si
949 820 1051 872 quis
1071 820 1235 862 dixerit
1255 821 1399 862 vobis:
1419 820 1529 862 Ecce

207 889 278 929 hic
314 892 376 930 est
409 888 616 932 Christus
659 892 739 930 aut
769 890 874 936 illic,
920 890 1056 930 uolite
1085 891 1280 932 credere.
1332 889 1530 944 Surgeut

209 959 330 999 euim
367 960 701 1011 pseudochristi
744 963 783 1000 et
822 961 1223 1013 pseudoprophete,
1278 964 1316 1001 et
1359 961 1530 1001 dubuut

157 1028 345 1080 msigna
381 1037 567 1081 magua.
610 1029 734 1079 Ecce,
776 1029 941 1083 inquit,
982 1030 1168 1083 predixi
1198 1030 1332 1071 vobis.
1386 1029 1529 1071 Istam

208 1098 516 1151 propheciam
539 1098 711 1140 Christi
733 1099 882 1140 omnis
916 1099 1175 1141 catholicus
1207 1105 1397 1140 tenetur
1429 1113 1527 1140 cre-

210 1167 336 1208 dere.
388 1167 450 1208 Et
480 1169 671 1209 videtur
706 1169 846 1209 michi
883 1169 1034 1224 ipsam
1070 1182 1217 1222 posse
1257 1170 1436 1223 exponi
1470 1170 1529 1210 de

207 1237 311 1278 istis
356 1236 621 1279 dicentibus
663 1238 806 1280 hodie
851 1252 903 1279 se
949 1252 1055 1280 esse
1106 1252 1276 1293 papas;
1328 1245 1529 1294 uterque

211 1307 334 1348 enim
378 1308 490 1349 dicit
533 1322 585 1349 se
629 1322 737 1350 esse
770 1308 1005 1350 Christum
1036 1309 1204 1361 Deum,
1252 1315 1299 1350 et
1342 1309 1529 1351 maioris

157 1378 193 1410 15
208 1378 287 1417 vel
307 1377 454 1430 pluris
477 1379 731 1432 potestatis
760 1392 898 1432 quam
919 1379 1086 1419 Ihesus
1112 1384 1295 1428 noster;
1327 1379 1375 1420 in
1398 1379 1529 1420 cuius

207 1447 396 1488 nomine
427 1453 663 1502 tamquam
703 1448 802 1489 eius
840 1462 1046 1490 summos
1078 1448 1282 1490 vicarios
1318 1449 1531 1490 referunt

208 1529 260 1557 se
291 1518 475 1569 venire;
522 1523 570 1558 et
613 1523 794 1559 certum
839 1524 913 1559 est
945 1519 1075 1572 quod
1116 1518 1206 1559 ista
1238 1518 1407 1560 divisio
1455 1525 1530 1560 est

208 1586 266 1627 ad
295 1586 663 1628 instruccionem
701 1588 918 1629 ecclesie.
956 1588 1073 1629 Ideo
1105 1588 1295 1629 videtur
1331 1588 1529 1629 salubris

209 1656 423 1698 doctrina
446 1656 628 1709 Christi,
663 1658 792 1711 quod
823 1671 980 1712 neque
1012 1658 1148 1699 nudis
1178 1658 1339 1699 verbis
1373 1659 1528 1699 dicen-

152 1737 194 1759 20
210 1725 343 1776 cium,
376 1728 506 1780 quod
527 1741 651 1768 nunc
671 1741 798 1782 papa
819 1727 880 1768 sit
900 1728 1071 1781 Rome,
1102 1741 1227 1768 nunc
1250 1729 1380 1782 quod
1404 1742 1529 1783 papa

209 1795 271 1837 sit
289 1796 542 1849 Avinione‚
567 1797 795 1838 debemus
820 1798 1028 1848 credere,
1057 1798 1142 1838 sed
1162 1797 1278 1851 ipsis
1302 1798 1528 1852 operibus

210 1865 395 1907 Christo
412 1866 745 1920 conformibus,
760 1872 812 1908 ut
827 1867 970 1908 docet
982 1868 1085 1919 Joh.
1106 1867 1168 1919 X,
1185 1870 1237 1917 38
1262 1868 1320 1908 de
1344 1881 1396 1908 se
1409 1867 1528 1922 ipso,

210 1936 318 1990 quia
362 1941 540 1977 certum
577 1942 661 1989 est,
706 1938 836 1991 quod
872 1937 997 1978 nuda
1027 1939 1284 1978 verborum
1321 1939 1527 1992 promul-

209 2005 345 2059 gacio
390 2019 479 2047 nec
521 2006 664 2047 fallax
708 2012 756 2047 et
787 2007 988 2049 subdola
1019 2012 1309 2061 satraparum
1349 2007 1527 2048 eleccio

152 2076 192 2110 25
209 2075 321 2117 facit
351 2076 493 2117 fidem
525 2076 584 2117 de
608 2075 782 2118 Christi
802 2076 992 2129 vicario,
1025 2077 1113 2117 sed
1143 2082 1195 2118 ut
1224 2076 1337 2118 dicit
1358 2078 1528 2118 beatus

210 2145 564 2201 Crysostomus:
617 2147 765 2188 Nudis
810 2147 945 2199 foliis
993 2149 1235 2189 verborum
1286 2151 1335 2188 ut
1383 2149 1530 2201 siguis

204 2217 523 2269 generaciouis
565 2218 770 2258 adultere
811 2218 1024 2258 inuititur
1052 2217 1371 2269 Antichristus,
1422 2216 1530 2270 quia

93 2283 172 2330 198b
207 2286 300 2326 hoc
353 2291 425 2326 est
473 2285 622 2339 magis
675 2288 958 2327 contrarium
1000 2288 1151 2327 verbo
1187 2286 1191 2341 Ι
1224 2286 1329 2328 Dei.
1388 2285 1528 2326 Unde

209 2360 409 2409 uterque
431 2355 641 2409 istorum,
664 2361 716 2397 ut
729 2355 868 2397 michi
882 2355 1081 2408 videtur,
1098 2357 1244 2397 debet
1265 2355 1529 2396 contentari

153 2427 195 2460 30
210 2425 268 2465 de
304 2425 397 2466 isto
435 2438 691 2478 regnorum
728 2439 982 2479 responso:
1024 2439 1085 2466 ex
1123 2439 1218 2480 quo
1256 2439 1352 2466 non
1385 2426 1530 2466 claret

212 2494 278 2535 eis
311 2508 373 2535 ex
405 2494 647 2535 eleccione
681 2496 758 2536 vel
799 2509 946 2549 opere
980 2495 1084 2549 quis
1120 2501 1193 2536 est
1230 2509 1369 2549 papa,
1401 2494 1529 2549 quie-

210 2564 396 2606 scuntin
437 2564 531 2605 fide
570 2565 652 2605 filii
695 2564 799 2619 Dei,
844 2578 1094 2619 quousque
1139 2564 1341 2606 ecclesia
1385 2565 1528 2619 plene

212 2634 451 2685 doceatur,
489 2634 593 2688 quis
627 2648 785 2675 eorum
817 2634 957 2676 fuerit
988 2648 1131 2676 verus
1162 2647 1297 2689 papa,
1338 2639 1387 2676 et
1418 2648 1527 2688 sup-

283 2792 327 2822 13.
347 2793 465 2823 Codd.:
491 2802 525 2822 se
550 2794 641 2822 hodie
665 2802 741 2823 esse.
816 2794 860 2823 16.
888 2794 1003 2823 Codd.:
1030 2802 1163 2823 summos
1187 2795 1335 2823 vicarius.
1409 2793 1457 2822 30.
1482 2794 1530 2821 De

211 2840 270 2868 isto
291 2848 460 2877 regnorum
479 2849 626 2876 responso
646 2841 666 2869 i.
686 2849 710 2868 e.
732 2849 791 2877 que
810 2849 904 2876 regna
924 2842 968 2869 eis
988 2833 1176 2877 respondere
1196 2841 1336 2870 debeant.

282 2933 313 2966 7.
339 2924 458 2956 Matth.
484 2925 604 2962 XXIV,
633 2926 686 2967 23,
716 2935 767 2966 24,
795 2925 847 2958 25.

1739 300 1816 340 149

1577 1049 1601 1077 It
1621 1058 1692 1085 may
1713 1050 1791 1077 refer

1561 1089 1592 1112 to
1611 1086 1701 1112 those
1720 1085 1791 1112 who

1592 1127 1662 1147 now
1681 1119 1771 1147 claim

1572 1159 1603 1182 10
1624 1155 1660 1181 be
1680 1162 1788 1189 popes.

1571 2306 1658 2342 They
1680 2307 1791 2334 should

1559 2341 1801 2404 }Z²}i2pd³et{?3{}{

1549 2411 1608 2439 and
1630 2411 1812 2439 meanwhile

1604 2454 1690 2474 serve
1709 2446 1760 2475 the

1587 2480 1713 2520 Church
1733 2489 1766 2508 as

1577 2520 1648 2544 true
1665 2520 1786 2551 pnestS.
