2078 3338
253 260 343 288 CAP.
359 250 414 306 v.]
652 263 709 294 DE
736 262 1016 294 POTESTATF„
1043 263 1173 293 PAPF.

253 366 486 420 scripture
531 379 648 419 sepe
692 366 925 406 declarata
976 365 1279 419 supponitur3
1332 366 1568 418 quomodo

250 435 395 489 igitur
425 448 520 475 non
553 440 746 488 oportet
778 435 877 475 eius
909 434 1176 488 proximum
1204 434 1428 475 vicarium
1462 448 1568 475 con-

252 504 429 546 versari
462 504 776 545 conformiter.
813 503 921 544 Hoc
954 504 1074 544 enim
1106 505 1330 544 movebat
1361 504 1568 554 Petrum,

250 574 510 626 Johannem
556 579 603 614 et
647 579 833 614 ceteros
878 574 1134 626 apostolos,
1188 573 1267 626 qui
1309 578 1569 626 potuerunt

218 642 481 695 5facillime,
532 642 858 696 copiosissime
904 648 952 682 et
995 641 1376 695 splendidissime
1419 641 1567 683 fuisse

136 718 214 752 180d
251 712 398 754 dotati
425 711 429 766 j
459 718 507 752 et
539 718 692 752 tamen
724 726 785 752 ex
820 712 1052 765 religione
1077 717 1124 751 et
1161 711 1321 753 debito
1355 710 1566 751 imitandi

249 781 522 836 magistrum
552 782 666 822 illud
699 781 964 822 omiserant.
1014 781 1251 832 Johannes
1285 786 1450 833 autem,
1489 779 1568 834 qui

249 857 363 905 post
407 851 731 892 ascensionem
763 850 955 891 Domini
999 850 1303 904 septuaginta
1347 850 1476 891 annis
1522 855 1570 890 et

251 920 449 975 amplius
491 920 539 961 in
582 920 743 962 maiori
786 926 921 974 parte
954 919 1075 960 vixit
1104 920 1201 960 fixe
1231 920 1280 960 in
1311 933 1445 974 pace,
1482 933 1568 974 po-

196 1008 235 1029 10
250 990 340 1031 tuit
372 991 564 1032 dotasse
588 1003 717 1031 suam
749 990 1005 1040 ecclesiam,
1039 990 1078 1031 si
1098 989 1269 1031 fuisset
1292 990 1569 1043 expediens,

252 1073 355 1101 cum
407 1060 653 1102 silvestres
716 1060 910 1101 frondes
973 1059 1172 1100 mutavit
1220 1059 1268 1100 in
1316 1073 1475 1100 aurum
1521 1064 1569 1098 et

249 1130 479 1184 fragmina
513 1143 735 1172 saxorum
777 1130 826 1170 in
871 1143 1095 1183 gemmas,
1145 1130 1229 1170 sed
1274 1129 1321 1170 in
1366 1129 1567 1170 detesta-

251 1199 434 1240 cionem
468 1200 636 1241 amoris
667 1199 881 1253 pecunie.
916 1199 977 1239 Et
1007 1212 1175 1240 revera
1204 1199 1295 1240 ista
1327 1198 1569 1240 sentencia

251 1270 310 1309 de
354 1270 514 1311 verbis
567 1276 616 1310 et
673 1269 810 1311 factis
863 1270 1185 1323 apostolorum
1245 1270 1378 1309 daret
1427 1269 1568 1309 fidem

198 1340 480 1393 15fidelibus‚
525 1341 652 1394 quod
695 1339 902 1394 proximi
935 1338 1106 1380 Christi
1150 1345 1198 1379 et
1235 1339 1367 1379 Petri
1409 1338 1570 1379 vicarii

251 1410 428 1451 debent
472 1410 605 1450 exire
649 1410 708 1450 de
751 1410 926 1450 mundo
973 1415 1020 1449 et
1054 1409 1325 1451 conversari
1358 1407 1570 1450 similiter

251 1485 298 1520 et
329 1480 458 1533 quod
496 1480 799 1521 conversacio
839 1479 918 1520 illa
949 1480 1205 1533 perficeret
1238 1485 1409 1520 statum
1442 1478 1568 1518 cleri.

252 1549 464 1591 Christus
498 1550 619 1590 enim
650 1550 800 1604 ipsam
834 1550 1047 1603 elegerat
1082 1549 1130 1590 in
1163 1563 1214 1591 se
1248 1555 1296 1589 et
1328 1548 1424 1590 suis
1456 1561 1567 1602 apo-

252 1619 402 1671 stolis;
458 1621 587 1674 quod
650 1620 954 1674 omnipotens
1021 1626 1069 1660 et
1131 1619 1415 1660 omnisciens
1472 1631 1568 1658 non

195 1688 441 1742 2ofaceret‚
485 1689 574 1731 nisi
619 1689 726 1743 quia
770 1689 908 1730 :civit
951 1689 1079 1743 quod
1109 1689 1367 1743 perficeret
1398 1693 1568 1729 statum

251 1772 441 1800 suorum
472 1759 680 1802 militum.
710 1759 773 1799 Et
792 1758 917 1799 idem
939 1759 1238 1799 confirmatur
1261 1771 1323 1798 ex
1346 1757 1570 1798 decretali

252 1829 467 1881 ecclesie,
511 1842 648 1883 quam
691 1842 816 1883 papa
851 1829 1074 1869 Nicolaus
1117 1827 1293 1869 tercius
1336 1828 1384 1868 in
1428 1832 1568 1868 sexto

248 1898 534 1953 incorporat,
571 1899 692 1940 Exiit
722 1899 799 1951 qui
829 1900 1040 1953 seminat,
1073 1898 1155 1941 ubi
1187 1899 1395 1939 declarat
1440 1897 1568 1951 quod

251 1974 400 2010 status
431 1969 623 2010 fratrum
646 1968 880 2009 Minorum
913 1974 988 2010 est
1017 1968 1127 2009 ideo
1162 1968 1352 2008 celestis
1382 1973 1431 2008 et
1460 1981 1566 2021 per-

195 2038 550 2091 25fectissimus‚
593 2039 700 2092 quia
743 2038 886 2079 statui
930 2038 1105 2079 Christi
1153 2049 1202 2078 et
1245 2038 1568 2091 apostolorum

251 2107 519 2150 simillimus,
541 2108 603 2148 Et
619 2121 681 2148 ex
695 2107 798 2149 istis
814 2108 957 2148 credo
974 2108 1102 2161 quod
1124 2107 1324 2148 ecclesia
1338 2106 1567 2160 Romana,

252 2179 509 2220 decretiste
519 2184 566 2219 et
578 2179 763 2232 fratres,
780 2179 865 2220 sed
880 2178 1328 2232 specialiterfratres
1341 2177 1567 2229 Minores,

251 2249 564 2289 defenderent
605 2249 741 2290 istam
786 2248 1086 2290 sentenciam.
1134 2247 1289 2289 Aliter
1320 2247 1441 2288 enim
1473 2260 1569 2287 non

252 2319 527 2359 crederetur
559 2318 695 2359 alicui
719 2317 959 2371 decretali,
994 2331 1097 2358 cum
1118 2318 1242 2358 illam
1265 2330 1356 2371 que
1380 2317 1568 2357 eviden-

195 2396 236 2428 30
252 2387 351 2428 cius
382 2387 606 2428 fundatur
638 2401 700 2427 ex
723 2387 956 2441 scriptura
985 2386 1180 2440 ipsimet
1200 2385 1567 2440 parvipendunt.

249 2457 311 2497 Et
343 2457 648 2498 conformiter
687 2457 859 2498 dicitur
897 2458 953 2497 ad
987 2456 1226 2497 obiectum
1272 2469 1365 2509 quo
1399 2455 1568 2496 dicitur

249 2526 509 2578 Johannem
561 2526 716 2567 XXII
774 2526 1018 2567 ordinasse
1079 2526 1342 2566 decretales
1399 2526 1567 2566 multas

319 2685 366 2716 31.
386 2687 415 2715 A
435 2686 466 2714 in
486 2694 601 2722 marg.:
622 2686 803 2715 Decretales
822 2686 949 2714 invicem
968 2685 1187 2714 contradicunt
1203 2685 1324 2713 scilicet
1341 2684 1468 2713 Nicolai
1478 2684 1524 2713 ΙΙΙ
1540 2687 1569 2712 et

249 2732 402 2761 Johannis
419 2732 513 2762 XXII.

328 2827 376 2850 11.
402 2818 525 2849 Sarum
551 2817 670 2849 Missal
704 2818 794 2849 First
831 2818 951 2850 lesson
989 2817 1046 2849 for
1084 2818 1116 2850 S.
1154 2815 1275 2849 John⁷s
1319 2816 1397 2859 day.
1429 2815 1481 2847 Cf.
1515 2815 1566 2847 De

250 2875 407 2908 Ecclesia
432 2885 510 2918 pag.
548 2874 621 2919 189.
718 2878 771 2910 23.
803 2877 854 2908 De
887 2876 1085 2908 Verborum
1124 2874 1246 2917 Signis.
1271 2874 1314 2918 V,
1346 2881 1396 2917 12,
1425 2875 1456 2907 3.

320 2938 362 2960 De
378 2937 527 2961 potestate
544 2937 628 2965 Pape.
1408 2930 1428 2964 6

1804 253 1851 290 81

1605 662 1673 690 The
1694 663 1832 698 apostles

1591 697 1642 724 did
1664 703 1719 725 not
1739 699 1853 725 endow

1632 732 1794 765 eburones,

1629 768 1747 803 though
1769 768 1813 796 St.

1622 801 1701 829 John
1722 803 1812 830 could

1626 838 1722 873 easily
1742 838 1818 864 have

1636 872 1716 899 done
1737 880 1782 899 80.

1613 1625 1719 1654 Christ
1738 1626 1832 1665 chose

1623 1661 1820 1735 &rpssffisstfff

1651 1730 1710 1757 and
1732 1730 1780 1758 his

1610 1766 1830 1839 Νῗεῗῃῖἶὲἓείῌ.

1660 1835 1783 1870 pra1sed

1600 1872 1649 1897 the
1671 1870 1831 1897 Minorites

1653 1904 1702 1932 for
1720 1905 1800 1932 their

1651 1944 1789 1976 poverty.
