2078 3338
207 252 295 280 CAP.
322 241 392 298 nn]
602 254 660 285 DE
688 253 968 286 POTEsTATE
997 255 1125 287 PAPE.
1759 250 1809 294 05

207 365 255 399 et
289 358 520 400 Christum
567 372 657 398 non
702 372 752 398 se
791 358 1068 410 vigilancius
1109 358 1428 412 predicabant,
1473 365 1523 399 ut

205 434 339 483 patet
377 428 437 469 II.
473 427 575 468 Cor.
615 427 695 468 IV.
756 427 909 468 Nichil
955 428 1075 468 enim
1119 429 1432 481 periculosius
1478 429 1524 469 in

207 499 407 540 ecclesia
453 512 589 551 quam
623 499 905 538 obumbrare
937 498 1058 538 viam
1092 499 1324 552 sequendi
1353 499 1525 539 Christi

205 569 421 622 vestigia,
475 568 689 608 ducendo
728 568 957 621 populum
988 569 1044 608 ab
1084 568 1183 608 eius
1208 569 1384 622 semita,
1418 570 1525 622 quia

174 643 337 680 §error
380 639 484 678 talis
529 638 788 678 secundum
831 638 1217 691 imaginacionem
1249 639 1523 680 Aristotelis

204 708 356 762 primo
388 709 464 748 De
498 706 611 748 Celo
646 713 692 747 et
723 707 902 748 Mundo
950 713 1190 748 cresceret
1231 708 1277 748 in
1323 709 1523 750 declina-

207 778 388 818 cionem
421 777 668 818 maximam
700 777 992 817 Antichristi.
1440 766 1441 769 ¹

262 848 324 887 Et
347 861 407 887 ex
430 847 519 887 isto
543 852 708 900 quarto
735 847 966 901 colligitur
996 848 1136 900 quod,
1161 848 1262 888 sive
1286 849 1522 890 electores
1543 867 1610 894 Tne
1630 876 1752 895 success
1774 869 1808 895 01·

203 918 327 957 bene
349 917 428 957 vel
455 918 572 956 male
598 917 843 970 elegerint,
878 917 1102 970 operibus
1131 917 1269 957 bonis
1294 918 1521 959 debemus
1555 910 1596 965 ³1¹5
1614 903 1791 974 eblgcjtffigehs

151 1002 189 1023 10
206 988 402 1027 credere
448 992 495 1026 et
548 986 830 1040 quicumque
882 987 1050 1027 modus
1101 987 1379 1039 perficiendi
1421 1002 1521 1042 pre·
1563 973 1790 1037 iisiffiiseogfffie

204 1057 411 1111 positum
451 1056 591 1097 fuerit
628 1057 799 1097 iudicio
835 1057 1008 1097 Christi
1041 1057 1327 1097 conformior
1359 1064 1432 1098 est
1466 1072 1521 1099 eo
1612 1044 1737 1072 ⁶¹⁶²C‘ed·

203 1127 380 1168 melior.
441 1126 562 1167 Nam
596 1140 657 1166 ex
689 1127 826 1167 dictis
859 1127 1070 1167 secundo
1111 1127 1314 1181 capitulo
1349 1129 1406 1168 de
1439 1142 1522 1182 po-

204 1202 378 1238 testate
432 1210 489 1237 eo
541 1197 647 1250 ipso
702 1210 796 1250 quo
850 1197 953 1251 quis
1007 1197 1247 1251 copiosius
1297 1204 1524 1251 operatur

202 1266 441 1308 meritorie
484 1268 628 1307 habet
672 1281 696 1307 a
738 1267 846 1307 Deo
901 1268 962 1307 ad
1011 1268 1103 1307 hoc
1149 1267 1389 1321 copiosius
1441 1282 1522 1322 po-

150 1341 187 1373 15
202 1342 434 1378 testatem.
450 1336 511 1376 Et
525 1336 633 1377 hinc
652 1337 765 1377 dicit
781 1336 993 1378 Christus
1009 1337 1109 1388 Joh.
1127 1337 1189 1390 X,
1205 1340 1277 1389 38:
1301 1337 1523 1391 Operibus

89 1408 166 1452 176²l
203 1407 380 1457 credite,
424 1412 471 1447 et
513 1406 620 1447 hinc
655 1407 767 1447 dicit
795 1405 799 1462 Ι
830 1406 1150 1448 Crisostomus
1195 1407 1241 1447 in
1272 1408 1348 1448 De
1385 1408 1523 1448 laude

201 1477 353 1517 Pauli:
402 1475 466 1526 Si,
499 1477 663 1530 inquit,
699 1478 956 1529 magisterii
993 1481 1123 1530 atque
1147 1479 1386 1531 primatus
1417 1479 1521 1518 adt-

197 1548 404 1601 piscendi
430 1549 597 1600 gracia
629 1549 691 1588 ad
714 1549 1018 1601 procuranda
1050 1551 1177 1588 tanta
1199 1549 1387 1601 negocia
1409 1561 1522 1601 apo-

200 1618 303 1659 stoli
319 1618 652 1672 prosiluissent,
686 1622 1002 1671 consequenter
1025 1622 1165 1659 essent
1196 1620 1250 1659 de
1273 1619 1524 1660 ambicione

146 1712 187 1733 20
202 1689 457 1743 culpabiles.
481 1686 727 1740 Sequitur:
751 1686 875 1728 Sicut
899 1689 1032 1737 euim,
1055 1689 1131 1741 qni
1149 1688 1364 1740 princeps
1372 1687 1524 1740 fuerit

202 1759 456 1807 ordinatus,
481 1758 570 1797 nisi
592 1758 727 1809 digne
753 1757 840 1798 sibi
863 1758 1131 1810 impositum
1154 1758 1382 1798 ministret
1414 1757 1516 1809 off-

201 1830 337 1878 cium,
384 1830 587 1868 meretur
630 1827 776 1867 eciam
808 1828 995 1867 maiora
1025 1827 1268 1880 supplicia,
1311 1827 1377 1867 sic
1408 1828 1525 1867 alter

201 1899 282 1940 etsi
312 1910 400 1938 non
432 1897 681 1944 ord-inetur,
714 1897 936 1950 suscipiat
966 1900 1119 1937 tamen
1143 1900 1182 1937 et
1206 1897 1322 1937 sicut
1353 1900 1524 1949 oportet

200 1970 386 2022 impleat
428 1979 517 2007 non
561 1967 659 2007 dico
702 1967 1017 2007 sacerdocium
1068 1968 1147 2007 sed
1188 1965 1522 2007 solicitudinem

145 2053 183 2085 25
200 2050 449 2092 curamque
507 2038 772 2088 multorum,
831 2045 936 2077 tune
986 2036 1189 2090 profecto
1245 2037 1411 2077 lzonore
1461 2040 1524 2078 est

201 2108 513 2161 dignissimus.
568 2106 665 2148 Iste
711 2111 901 2147 sanctus
939 2120 1036 2147 non
1073 2106 1360 2159 ponderavit
1400 2106 1521 2147 elec-

203 2179 364 2219 ciones
396 2182 584 2218 nostras
618 2178 704 2217 sed
734 2182 865 2217 recta
897 2176 1066 2217 officia.

259 2246 357 2289 Sed
390 2252 553 2287 contra
583 2247 698 2288 illud
731 2247 942 2301 arguitur
973 2260 1061 2301 per
1091 2248 1195 2295 hoc,
1231 2247 1360 2301 quod
1391 2246 1522 2287 iuxta

201 2317 335 2359 istam
369 2317 656 2358 sentenciam
689 2317 903 2371 perirent
931 2318 989 2357 de
1023 2317 1343 2358 eleccionibus
1377 2317 1521 2357 multe

147 2404 187 2436 30
200 2388 336 2440 leges
370 2393 416 2427 et
447 2389 591 2428 multa
620 2389 779 2442 legum
811 2387 1052 2441 principia.

270 2568 298 2592 4.
322 2558 443 2586 (lodda
465 2562 493 2586 et
512 2558 662 2587 ducendo.
737 2559 764 2586 8.
784 2560 813 2586 A
834 2559 865 2586 in
899 2567 1014 2594 marg:
1043 2558 1153 2595 Officii
1177 2559 1316 2594 explecto
1343 2559 1446 2587 debila
1473 2567 1522 2586 os-

201 2605 299 2632 tendit
323 2605 479 2639 prelatum
506 2605 622 2633 habere
637 2607 833 2641 potestatem.
911 2612 954 2640 17.
978 2605 999 2632 Β
1020 2605 1051 2632 in
1073 2613 1189 2639 marg:
1211 2605 1303 2633 Nola.
1378 2614 1426 2633 20.
1448 2606 1476 2632 A
1491 2605 1522 2633 in

201 2658 316 2686 marg:
349 2650 534 2679 Ministrans
561 2651 691 2679 sollicite
719 2651 848 2679 ecclesie
866 2654 912 2679 est
930 2651 1051 2679 lzonore
1076 2651 1283 2687 dignissimus.
1371 2651 1421 2679 28.
1441 2652 1470 2680 A
1491 2652 1521 2679 in

201 2705 316 2732 marg:
337 2706 360 2724 1.

277 2767 325 2801 16.
366 2769 457 2810 Opp.
496 2769 565 2810 (ed.
604 2768 736 2811 Mignc)
776 2776 857 2802 tom.
900 2771 922 2811 I,
961 2769 1039 2812 830,
1079 2778 1156 2814 931,
1197 2770 1238 2804 cf.
1279 2777 1311 2803 ct
1348 2771 1402 2815 lx,
1444 2772 1519 2804 205.

208 2836 256 2868 17.
303 2826 355 2858 Cf.
397 2826 646 2870 Chrysostom:
687 2828 720 2858 in
770 2838 823 2870 ep.
870 2829 922 2861 ad.
969 2828 1037 2861 Tit.
1082 2839 1156 2871 cap.
1196 2829 1219 2872 1,
1263 2830 1369 2860 Hom.
1417 2829 1442 2860 ΙΙ
1490 2835 1522 2860 ct

207 2894 311 2926 saepe
338 2884 433 2917 alias.

272 2946 316 2969 De
331 2946 481 2971 Potestate
497 2946 583 2974 Papa.
1365 2943 1381 2976 5
