2078 3338
255 261 346 288 CAP.
367 253 420 304 x]
655 264 711 295 DE
739 264 1019 296 Porsss‘sA’rE
1046 264 1176 296 PAPE.
1779 265 1859 307 257

256 368 528 420 adunatam,
554 371 711 416 status,
740 368 874 408 decor
902 371 941 408 et
968 369 1078 408 ordo
1102 368 1376 408 universalis
1398 366 1573 409 ecclesie

254 437 375 477 debet
417 437 594 477 subesse
633 450 714 478 suo
746 438 833 478 soli
861 438 1041 489 suisque
1072 437 1350 490 cardinibus,
1388 438 1467 478 hoc
1499 441 1572 487 est,

255 518 439 546 summo
465 506 674 558 pontifici
704 507 874 558 sibique
905 508 1216 547 assistentibus
1246 508 1572 548 cardinalibus.

256 574 446 627 Ideoque
466 579 618 616 sancte
638 575 846 616 Romane
866 577 1043 617 ecclesie
1063 577 1245 616 debetur
1265 577 1323 617 ab
1347 577 1574 617 universis

222 645 431 684 5ecclesie
448 645 572 696 filiis
604 646 894 686 devotissima
914 646 1184 698 obediencia,
1215 647 1570 686 honoratissima

253 714 525 763 reverencia,
556 714 606 754 id
636 718 709 764 est,
729 715 1097 766 ferventissimus
1118 728 1266 762 amor,
1297 716 1570 756 subiectissi-

254 794 358 823 uiiis
388 783 538 824 timor.
590 783 687 824 Hec
730 788 769 824 et
810 785 899 824 Iiiis
941 785 1117 826 similia
1159 786 1216 825 ab
1260 786 1323 826 eis
1360 776 1573 826 debentur

255 852 503 904 obligacins
547 857 585 893 et
616 850 814 906 sorcius,
858 855 936 906 qni
959 867 1049 907 pro
1087 856 1364 895 sublimitate
1390 856 1573 908 gradus

255 922 540 962 ecclesiastici
558 922 756 975 fastigio
780 925 970 973 ecclesie,
1002 925 1052 964 id
1073 928 1147 975 est,
1177 937 1348 964 summo
1366 925 1572 976 pontifici

200 1009 237 1029 ιο
254 995 292 1030 et
323 992 638 1033 cardinalibus
668 994 884 1033 adherent
909 995 1187 1046 proximius.

310 1060 440 1100 Talia
462 1066 572 1101 sunt
593 1062 738 1102 multa
770 1062 893 1103 dicta
915 1062 1276 1116 Lyncolniensis
1305 1068 1352 1103 et
1372 1062 1571 1102 aliorum

253 1130 510 1182 doctorum,
543 1144 634 1184 que
668 1144 730 1171 ex
762 1132 952 1173 defectu
974 1132 1297 1185 intelligencie
1324 1132 1571 1173 inferiores

250 1198 481 1239 infatuant
515 1205 562 1240 et
594 1200 866 1254 superiores
897 1201 1079 1243 faciunt
1108 1202 1326 1242 insanire.

309 1269 450 1309 Unde
493 1283 581 1322 pro
625 1270 811 1311 intentu
856 1271 1087 1312 dictorum
1130 1272 1268 1313 huius
1307 1272 1456 1312 sancti
1490 1285 1570 1312 no-
1615 1277 1835 1305 Grosseteste's

1603 1313 1713 1339 claims
1733 1314 1780 1340 for
1799 1314 1848 1340 the

197 1340 454 1387 15tandum‚
493 1339 645 1392 primo
679 1342 806 1394 quod
838 1340 1121 1382 describitur
1162 1341 1211 1382 in
1243 1341 1381 1382 dictis
1420 1341 1571 1394 qualis
1629 1355 1818 1410 cgggitissffax

251 1408 396 1448 debet
440 1422 549 1449 esse
593 1423 800 1450 summus
844 1410 1065 1463 pontifex
1104 1424 1208 1451 cum
1242 1411 1570 1462 cardinalibus,
1598 1418 1852 1488 wffithssseboeliffgfflt

251 1491 368 1529 curn,
412 1485 464 1520 ut
508 1480 622 1520 dicit
663 1480 711 1520 in
743 1494 962 1521 sermone
1006 1494 1092 1522 suo
1137 1481 1195 1521 ad
1237 1494 1421 1535 papam,
1465 1481 1570 1535 ipse
1673 1492 1703 1514 10
1726 1488 1770 1514 be-

249 1548 374 1601 gerit
403 1548 451 1589 in
482 1549 707 1591 militante
740 1551 942 1592 ecclesia
974 1551 1127 1591 vicem
1160 1551 1345 1592 Christi.

306 1618 381 1658 Ex
413 1632 507 1672 quo
539 1625 674 1672 patet
706 1621 833 1674 quod
855 1625 1050 1673 oportet
1072 1634 1236 1661 verum
1265 1634 1438 1674 papam
1463 1634 1568 1661 con-

192 1703 233 1725 20
247 1688 428 1728 versari
451 1688 639 1729 Christo
663 1689 857 1731 similius
882 1695 929 1730 et
958 1690 1090 1731 aliter
1123 1697 1195 1731 est
1229 1704 1290 1731 ex
1321 1690 1567 1731 mendacio

249 1757 576 1798 dolosissimus
609 1758 946 1801 Antichristus,

306 1825 526 1867 Secundo
558 1829 816 1868 notandum
839 1829 969 1882 quod
998 1828 1089 1870 iste
1121 1834 1311 1869 sanctus
1342 1829 1567 1882 intelligit

124 1902 207 1934 ‘225⁰
245 1896 460 1949 predicta
488 1911 542 1937 re
571 1898 575 1949 1
603 1897 819 1951 putative
850 1899 929 1938 vel
962 1898 1359 1949 condicionaliter,
1394 1904 1443 1939 et
1472 1912 1565 1940 non

247 1966 477 2006 assertive
523 1973 799 2020 competere
842 1981 966 2021 pape
1011 1981 1172 2008 secum
1216 1968 1411 2018 viventi,
1461 1969 1568 2022 quia

189 2042 228 2075 25
247 2034 382 2075 aliter
412 2035 541 2076 foret
560 2036 697 2076 nimis
720 2037 1036 2090 sompniferus
1060 2038 1453 2079 contradictorius
1477 2038 1568 2079 sibi

243 2104 347 2158 ipsi.
398 2105 510 2159 Ipse
545 2106 667 2146 enim
700 2107 979 2148 obedienter
1009 2120 1135 2160 pape
1167 2114 1402 2161 tamquam
1434 2107 1565 2148 Anti-

246 2175 420 2215 christo
452 2176 628 2217 restitit
660 2177 716 2216 ad
747 2176 952 2217 tribunal
975 2176 1148 2218 Christi
1169 2178 1228 2217 ab
1258 2177 1358 2217 eius
1389 2176 1564 2217 iudicio

246 2245 529 2297 appellando
576 2251 624 2286 et
666 2251 778 2299 post
819 2252 1020 2287 mortem
1066 2247 1267 2287 eundem
1311 2260 1461 2300 usque
1505 2247 1566 2287 ad

244 2319 443 2355 mortem
476 2315 609 2368 quasi
647 2316 844 2369 cuspide
876 2317 1032 2356 baculi
1065 2316 1342 2366 vulneravit,
1381 2322 1434 2357 ut
1466 2316 1565 2356 dixi

185 2391 228 2423 30
243 2382 363 2424 VIII
386 2384 607 2437 capitulo
640 2385 702 2426 Et
722 2391 857 2439 patet
879 2387 1007 2439 quod
1030 2385 1172 2426 nichil
1192 2386 1400 2427 insanius
1426 2400 1563 2440 quam

245 2455 441 2493 credere
484 2455 614 2507 quod
658 2468 714 2495 eo
757 2454 865 2509 ipso
911 2469 1006 2509 quo
1052 2455 1156 2509 quis
1199 2455 1412 2509 fungitur
1456 2455 1562 2496 vice

242 2535 368 2576 pape
400 2523 491 2564 iste
523 2523 828 2565 condiciones
861 2524 951 2565 sibi
984 2527 1283 2568 conveniunt.

299 2592 568 2634 Notandum
602 2600 675 2634 est
711 2595 859 2636 tercio
898 2597 1028 2648 quod
1059 2595 1149 2636 iste
1181 2596 1350 2636 doctor
1373 2595 1562 2637 videtur

240 2663 503 2714 prudenter
524 2663 720 2704 innuere
737 2666 867 2717 quod
888 2666 1042 2705 nullus
1066 2665 1325 2719 episcopus
1342 2679 1561 2707 cesareus

312 2841 340 2861 2.
361 2833 465 2861 Recte:
493 2834 582 2861 debet
598 2843 632 2862 se
649 2836 712 2862 soli
728 2843 795 2863 sno.
870 2844 912 2870 14.
937 2835 1036 2863 Codd.
1058 2837 1088 2864 in
1111 2844 1227 2872 marg:
1248 2837 1334 2872 Papa
1354 2838 1457 2873 qualis
1476 2838 1565 2865 debes

241 2887 318 2906 esse.
392 2888 442 2908 22.
461 2882 491 2908 A
511 2881 542 2908 in
565 2889 680 2916 marg-2
705 2882 794 2910 Cave.

311 2945 353 2968 De
370 2945 519 2969 Potestate
535 2945 620 2973 Pape.
1384 2956 1423 2986 17
