2078 3338
187 276 277 304 CAP.
306 266 386 318 xit]
593 277 648 308 DE
677 276 956 307 POTEsTA'OE
985 277 1112 308 mele.

181 386 342 436 portet.
376 382 451 422 Ex
472 381 575 421 istis
598 381 787 421 videtur
809 381 937 433 quod
959 381 1165 434 prelacia
1188 383 1510 425 ecclesiastica

185 452 285 492 sine
316 456 516 504 peccato
549 451 715 490 saltem
740 449 913 489 veniali
936 464 1028 490 non
1052 452 1232 503 poterit
1254 453 1507 505 acceptari.

186 522 362 562 Omnes
410 521 531 560 enim
577 526 810 572 quotquot
849 526 1084 559 venerunt
1132 527 1240 560 sunt
1284 521 1411 562 fures
1463 529 1511 563 et

183 593 404 640 latrones,
438 590 518 643 qui
550 589 787 642 accipiunt
817 589 933 629 illud
955 595 1155 643 propter
1179 592 1406 631 honorem
1430 593 1508 632 vel

156 660 482 701 §commodum
515 660 788 712 temporale,
822 660 950 712 quod
981 660 1088 712 plus
1120 661 1375 712 prelaciam
1400 675 1510 714 que-

188 730 317 771 sitam
361 729 630 770 sollicitudo
678 734 724 768 et
762 734 894 769 actus
936 743 1097 769 eorum
1138 729 1408 772 diiudicant.
1460 730 1509 772 si

187 799 327 852 igitur
349 799 450 840 sine
474 799 553 839 tali
587 799 887 852 obligacione
922 799 1227 852 superaddita
1257 813 1510 853 possumus

188 870 289 922 plus
313 870 390 909 vel
422 874 602 909 tantum
633 869 867 921 prodesse
891 870 1088 922 populo,
1123 870 1179 909 ad
1211 869 1320 922 quid
1356 871 1508 923 queri-

187 952 285 980 mus
323 939 509 979 vincula
546 938 876 991 temporalium
917 944 965 978 et
1000 938 1303 991 professione
1342 952 1506 993 super-

133 1024 172 1045 10
190 1009 342 1050 addita
374 1008 612 1061 colligari?

240 1079 302 1118 Et
345 1081 432 1119 sub
476 1078 567 1117 ista
612 1083 781 1117 octava
826 1077 1030 1117 stulticia
1083 1084 1192 1118 sunt
1243 1079 1368 1119 mille
1421 1080 1508 1120 alie

186 1148 516 1203 germinante&
570 1153 621 1187 ut
671 1160 795 1187 nona
847 1147 1009 1187 abusio
1065 1155 1150 1197 est,
1204 1149 1333 1201 quod
1384 1163 1509 1202 papa

186 1217 414 1270 presumit
435 1230 522 1269 per
544 1222 694 1256 totum
715 1216 1104 1257 christianismum
1128 1223 1338 1258 statuere
1363 1219 1508 1259 duces

187 1288 452 1340 spirituales
476 1293 522 1326 et
543 1286 768 1336 medicos,
791 1299 880 1339 pro
897 1299 1096 1339 quorum
1120 1287 1291 1328 ducatu
1315 1294 1510 1341 oportet

134 1364 169 1395 15
187 1357 336 1410 ipsum
361 1369 540 1396 summo
564 1356 705 1396 iudici
726 1357 1029 1409 respondere.
1064 1355 1157 1406 Sic,
1180 1357 1383 1410 inquam,
1413 1372 1508 1398 non

186 1428 400 1468 fecerunt
415 1427 596 1477 Petrus,
614 1425 877 1479 Gregorius
897 1432 944 1465 et
959 1426 1106 1466 ceteri
1129 1427 1281 1466 sancti
1305 1428 1508 1467 ecclesie

185 1496 434 1550 primitive,
475 1497 562 1537 sed
599 1496 917 1549 permiserunt
950 1496 1141 1535 aliorum
1184 1498 1509 1549 apostolorum

183 1566 512 1607 instituciones
529 1572 577 1605 et
596 1571 905 1618 expertorum
923 1565 1190 1606 elecciones
1206 1567 1483 1619 procedere.
1503 1566 1504 1570 ’

60 1639 139 1673 εόὃ“’
183 1636 301 1676 Nam
318 1638 408 1676 hoc
443 1636 586 1676 debet
609 1637 817 1689 populus
840 1636 947 1688 plus
977 1649 1151 1686 curare,
1183 1636 1371 1677 dicente
1396 1636 1508 1677 Gre-

130 1723 168 1742 20
183 1707 316 1760 gorio
350 1706 500 1759 primo
534 1705 789 1746 Pastoralis
820 1704 888 1745 IX
921 1705 1147 1758 capitulo:
1192 1705 1309 1747 omn
1342 1719 1507 1746 curam

184 1778 338 1828 populi
382 1776 544 1817 electus
590 1777 750 1828 presul
800 1775 998 1828 suscipit,
1050 1776 1183 1826 clzzczsz'
1233 1777 1294 1815 acl
1346 1785 1509 1827 &grum

191 1847 389 1886 medicus
421 1846 600 1886 accedit.
632 1845 772 1885 Unde
797 1844 1003 1884 creditur
1034 1845 1162 1897 quod
1192 1844 1508 1894 provisiones

184 1915 542 1956 reservaciones
576 1920 623 1954 et
654 1914 1069 1968 privilegiaciones
1107 1919 1200 1954 tam
1234 1915 1411 1967 amplas
1443 1915 1507 1954 in-

185 1985 319 2025 duxit
369 1998 464 2025 non
517 1998 644 2024 amor
697 1985 859 2024 salutis
920 1984 1097 2024 subditi
1140 1986 1217 2024 vel
1264 1985 1507 2024 excellens

127 2062 167 2093 25
185 2054 443 2108 specularis
487 2054 746 2107 prudencia
790 2054 876 2093 sed
920 2060 1065 2094 mater
1105 2053 1356 2106 cupiditas;
1403 2067 1507 2093 cum

183 2125 264 2164 ubi
293 2126 472 2164 lucrum
504 2124 687 2164 tollitur
721 2129 909 2163 cessant
940 2123 1309 2163 constituciones
1353 2123 1505 2162 huius-

183 2194 321 2243 modi,
356 2193 501 2233 eciam
533 2193 645 2233 licet
676 2192 825 2244 magis
858 2194 1144 2245 prodessent
1178 2192 1392 2233 ecclesie.

240 2263 438 2303 Decima
470 2263 634 2304 abusio
669 2270 752 2313 est,
799 2263 927 2316 quod
966 2276 1090 2315 papa
1128 2262 1358 2315 presumit
1390 2263 1507 2302 ultra

186 2333 418 2374 Christum
462 2334 539 2373 vel.
585 2339 774 2372 sanctos
818 2335 1065 2385 apostolos
1120 2333 1386 2372 concedere
1440 2332 1506 2371 sic

127 2411 168 2443 30
187 2416 299 2443 cece
349 2402 677 2455 indulgencias
736 2409 783 2442 et
834 2401 1097 2455 privilegia,
1159 2415 1262 2441 cum
1314 2401 1507 2454 ignorat

188 2472 496 2513 communiter
512 2472 550 2511 si
568 2473 700 2512 Deus
722 2472 809 2510 hec
827 2473 1074 2524 approbat,
1097 2472 1171 2510 vel
1189 2472 1246 2510 ad
1262 2470 1506 2523 utriusque

184 2542 331 2596 partis
365 2541 573 2582 deterius
607 2541 925 2594 reprehendit.
979 2541 1095 2580 Nam
1128 2542 1204 2580 vel
1246 2546 1317 2579 est
1356 2540 1505 2579 indul-

184 2612 353 2667 gencia
396 2611 499 2651 talis
545 2610 803 2663 sophistica
834 2611 910 2649 vel
956 2610 1222 2662 personalis
1263 2615 1310 2649 et
1350 2614 1507 2661 empta

185 2682 262 2721 Vel
290 2680 445 2734 dignis
475 2680 646 2734 quibus
674 2680 927 2732 proficeret
949 2679 1083 2719 nimis
1107 2692 1259 2732 parca.
1292 2677 1343 2719 Si
1363 2677 1508 2731 igitur

258 2872 285 2891 2.
313 2863 429 2892 Codd.:
456 2863 523 2890 sine
545 2866 671 2897 puncto.
753 2870 796 2890 12.
825 2861 924 2890 Codd.
952 2862 981 2889 in
1012 2870 1126 2896 murga
1155 2870 1183 2896 (ι.
1270 2861 1319 2888 28.
1347 2859 1446 2888 Codd.
1475 2860 1505 2887 in

186 2917 301 2944 marg.:
322 2917 365 2937 10.

1716 285 1793 322 391

1554 1103 1582 1128 ς).
1605 1092 1721 1119 (ji-rums
1743 1094 1770 1119 ol

1571 1132 1749 1163 palrouagc.

1586 2277 1626 2295 ιι..
1650 2269 1739 2307 false

1578 2308 1684 2338 grauis
1705 2306 1736 2330 ot

1565 2339 1761 2373 indulgence.
