2078 3338
244 297 320 345 148

285 698 314 726 If
330 702 393 733 not,
414 698 464 725 the

249 734 369 761 faithful
391 732 501 760 should

240 773 294 796 not
312 768 418 796 follow
437 767 514 794 him.

319 2362 342 2389 C
347 2362 363 2388 l]
370 2361 391 2389 ri
397 2361 432 2389 st'
437 2370 450 2388 s

281 2396 494 2459 psas-{ses

967 305 983 335 J
991 303 1194 335 OHANNIS
1221 303 1407 337 WYCLIF
1648 292 1756 350 [CAP.
1778 298 1846 326 vu.

528 416 667 451 tenus
705 423 830 464 papa
868 409 1109 451 dormierit
1146 422 1347 463 sompno
1382 409 1610 463 spirituali
1645 409 1848 460 letifero,

530 480 684 520 nullus
718 479 1059 533 dampnabilius
1091 492 1143 520 se
1174 479 1329 533 ipsum
1362 480 1678 533 condempnat
1711 484 1759 520 et
1790 481 1850 521 ad

531 550 736 592 officium
767 549 883 590 illud
912 549 1188 600 inhabilitat,
1222 562 1326 589 cum
1358 549 1448 591 sibi
1478 549 1570 603 ipsi
1600 549 1648 590 in
1674 549 1772 591 vita
1804 555 1852 591 et

529 620 718 661 nomine
742 619 1035 661 contradicit.
1080 619 1181 660 Nec
1205 619 1351 660 debet
1393 619 1699 660 communitas
1739 620 1850 660 fide-

529 691 640 732 lium
663 690 800 744 sequi
813 690 974 740 talem3
992 690 1135 730 habet
1168 689 1291 729 enim
1324 701 1385 728 ex
1405 688 1650 729 mendacio
1667 689 1851 743 signum
1868 685 1885 718 5

529 760 827 815 potissimum
859 758 1152 811 Antichristi,
1194 764 1247 799 ut
1279 759 1484 799 declarat
1516 758 1852 813 Crysostomus

531 829 714 872 Omelia
745 828 874 882 VIII,
910 842 1160 883 exponens
1197 828 1312 869 illud
1347 827 1405 870 II.
1437 828 1586 869 Thim.
1619 827 1702 880 III,
1741 842 1754 868 1
1797 829 1854 869 Iu

529 901 795 942 novissimis
836 900 992 940 diebus
1043 899 1275 939 instabuut
1324 902 1532 952 tempora
1576 900 1853 952 periculosa,

529 970 612 1011 ubi
643 970 850 1011 declarat
879 967 1178 1023 processisse
1209 968 1449 1009 hereticos
1486 982 1510 1009 a
1540 968 1698 1009 mundi
1728 967 1853 1022 prin-

532 1040 671 1094 cipio,
710 1040 917 1094 dyabolo
959 1043 1122 1079 contra
1159 1038 1507 1092 plantacionem
1538 1038 1632 1079 Dei
1666 1038 1852 1079 menda·
1873 1046 1912 1067 10

532 1110 652 1151 cium
685 1109 959 1151 seminante.
989 1109 1052 1150 Et
1084 1108 1520 1161 correspondenter
1542 1108 1602 1148 de
1632 1107 1853 1149 membris

529 1180 727 1221 istorum
761 1184 999 1220 causatum
1030 1183 1083 1218 ut
1111 1177 1258 1231 Caym
1292 1183 1456 1218 contra
1477 1177 1617 1224 Abel,
1649 1177 1732 1218 filii
1760 1177 1856 1217 Dei

532 1255 693 1291 contra
711 1249 834 1290 filios
854 1248 1106 1298 hominum,
1137 1247 1375 1288 Abraham
1399 1253 1447 1288 et
1467 1247 1664 1299 Pharao,
1687 1246 1853 1287 Yacob

533 1325 580 1361 et
609 1319 750 1372 Esau,
787 1318 988 1371 Moyses
1022 1323 1068 1358 et
1098 1316 1236 1370 magi,
1279 1317 1517 1370 prophete
1562 1322 1610 1357 et
1651 1316 1855 1370 pseudo-

531 1390 782 1443 prophete,
814 1386 1018 1441 apostoli
1050 1392 1097 1427 et
1127 1385 1535 1440 pseudoapostoli,
1562 1385 1775 1427 Christus
1793 1389 1857 1426 'et
1876 1386 1912 1419 15

533 1457 853 1500 Antichristus
886 1455 1108 1497 continue
1158 1461 1485 1509 repugnarunt
1538 1460 1587 1496 et
1634 1455 1856 1496 continue

535 1528 872 1583 opponebatur
913 1524 1209 1566 mendacium
1251 1524 1455 1565 veritati.
1506 1524 1751 1577 Dy‘abolus,
1792 1524 1858 1565 in-

536 1598 649 1652 quit,
682 1600 720 1638 et
750 1596 961 1637 membra
981 1606 1068 1635 sua
1090 1594 1302 1648 operibus
1321 1594 1458 1634 uiehz‘l
1478 1597 1749 1647 monstrant,
1780 1595 1860 1635 sed

534 1668 683 1709 verbis
703 1665 1018 1718 maguafalse
1033 1665 1321 1718 promittuut,
1343 1667 1393 1704 ut
1407 1667 1533 1717 patet
1550 1662 1702 1705 Geues.
1727 1663 1860 1715 III,5

535 1738 611 1778 ubi
678 1737 786 1776 dicit
829 1736 1067 1787 dyabolus:
1109 1733 1409 1786 Nequaquam
1453 1734 1730 1787 moriemini,
1781 1735 1860 1774 sed
1877 1747 1918 1768 20

535 1807 663 1847 eritis
693 1806 809 1846 sicut
840 1805 918 1845 dii.
974 1803 1115 1856 Quod
1148 1803 1188 1845 si
1220 1803 1279 1843 de
1311 1802 1573 1844 maioritate
1606 1803 1859 1856 potestatis

534 1887 771 1930 pompose
802 1873 1130 1914 contendimus
1159 1878 1207 1913 et
1237 1872 1285 1913 in
1306 1872 1403 1913 vita
1431 1885 1483 1912 ac
1505 1872 1681 1913 sanctis
1704 1872 1859 1926 operi-

534 1947 626 1987 bus
670 1957 829 1985 sumus
863 1942 1062 1993 steriles,
1107 1941 1458 1982 absolucionem
1507 1955 1533 1981 a
1574 1955 1698 1995 pena
1745 1948 1792 1982 et
1836 1955 1861 1982 a

538 2013 676 2067 culpa
716 2026 802 2066 pro
840 2011 1043 2066 pecunia
1080 2011 1414 2065 promittentes
1448 2015 1497 2051 et
1527 2016 1684 2051 tamen
1716 2011 1764 2051 in
1794 2011 1859 2052 vi-

537 2083 695 2124 vendo
720 2081 906 2123 Christo
931 2080 1236 2122 conformiter
1258 2079 1475 2121 subditos
1506 2093 1602 2121 non
1632 2079 1861 2132 iuvantes,
1878 2085 1918 2118 25

539 2165 699 2195 sumus
734 2151 928 2192 indubie
960 2150 1252 2191 Antichristi.
1302 2149 1442 2202 Quod
1479 2150 1518 2190 si
1539 2155 1784 2203 torpemus
1815 2149 1863 2190 in

540 2221 867 2264 declaracione
906 2220 1079 2272 talium,
1113 2219 1318 2273 Spiritus
1352 2218 1554 2261 Sanctus
1592 2219 1862 2261 necessario

541 2291 791 2346 dissipabit
830 2290 1076 2331 consilium
1109 2289 1364 2340 Achitofel‚
1404 2288 1620 2330 dividens
1657 2290 1865 2329 membra

539 2359 819 2402 Antichristi
852 2360 907 2399 ab
931 2358 1134 2399 invicem
1164 2357 1386 2399 fidelibus
1407 2357 1679 2412 precipiens
1711 2371 1771 2398 ne
1795 2370 1864 2398 se-

541 2436 754 2486 quantur.
816 2428 936 2470 Nam
978 2428 1143 2468 Matth.
1186 2426 1376 2479 XXIV,
1422 2440 1444 2478 5
1497 2427 1684 2468 dicitur:
1730 2425 1866 2467 Multi
1881 2434 1923 2466 30

539 2502 714 2543 veuieut
765 2500 813 2540 iu
863 2498 1046 2539 uomiue
1089 2510 1201 2548 meo,
1245 2498 1437 2538 diceutes
1486 2497 1595 2551 quia
1638 2505 1716 2549 ego
1759 2509 1864 2538 sum

545 2571 752 2613 Christus
778 2567 784 2624 l
812 2572 851 2610 et
883 2569 1049 2609 multos
1081 2567 1299 2619 seducent,
1345 2567 1474 2619 quod
1519 2580 1621 2607 cum
1664 2579 1864 2607 necesse
1909 2571 1987 2615 198⁸

542 2641 602 2682 sit
646 2653 752 2681 esse
783 2652 947 2679 verum
992 2637 1050 2677 ad
1092 2636 1288 2687 literam,
1332 2641 1467 2689 patet
1505 2636 1634 2689 quod
1672 2641 1867 2690 oportet

540 2712 632 2752 hoc
663 2708 896 2750 verificari
935 2708 994 2748 de
1032 2705 1431 2760 pretendentibus
1469 2719 1521 2746 se
1554 2719 1661 2747 esse
1695 2705 1867 2747 Christi

612 2855 655 2875 12.
677 2845 855 2874 Causatum.
876 2844 995 2874 Codd.:
1015 2846 1112 2872 cacum.
1185 2852 1230 2872 21.
1251 2843 1305 2871 AB
1325 2843 1356 2871 in
1378 2850 1492 2879 marg.:
1514 2842 1698 2870 Antichristi
1711 2843 1767 2878 qui
1783 2844 1865 2871 sunt.

613 2941 643 2972 7.
670 2931 762 2972 Opp.
788 2936 875 2962 tom.
901 2929 956 2971 XI,
983 2939 1016 2970 p.
1043 2927 1121 2969 643.
1223 2937 1272 2969 17.
1301 2927 1454 2970 Loosely
1480 2927 1624 2969 quoted.
