2078 3338
251 249 338 278 CAP.
359 239 413 297 Χ]
644 252 702 284 DE
729 251 1010 284 POTEsTATE
1036 252 1166 284 PAPE.
1770 255 1848 293 245

248 358 494 399 adulterati
527 364 634 399 sunt
667 357 944 398 abscondite
976 357 1023 397 in
1057 356 1329 398 adulacione
1353 357 1454 398 voti
1483 363 1561 399 aut
1576 365 1678 428 051ssss
1698 367 1849 429 grligsfflw

127 426 209 460 222¹³
248 428 515 478 elemosine,
538 434 588 469 ut
609 433 743 482 patet
764 428 927 469 Matth.
949 427 1070 478 XV;
1103 433 1151 468 et
1171 428 1280 468 ideo
1303 441 1354 468 re
1373 426 1376 483 4
1392 428 1561 468 mansit
1633 444 1714 464 were
1733 437 1793 464 less

246 511 395 551 penes
419 512 500 539 eos
522 498 708 552 palliata
727 498 870 538 clavis
893 497 1116 545 sciencie;
1140 498 1264 538 unde
1285 503 1332 538 et
1348 497 1558 538 Christus
1597 472 1815 534 corrgfitrst'han

245 568 347 619 Joh.
370 568 428 618 V,
453 582 504 620 39
540 568 654 608 dicit
677 581 760 608 eos
793 573 959 621 putare
993 570 1132 608 vitam
1166 572 1369 609 eternam
1399 569 1560 608 habere

213 639 291 679 §in
328 639 584 691 scripturis.
636 638 697 678 Et
735 638 897 679 Matth.
936 638 1127 688 XXIII,
1161 650 1204 687 3:
1246 636 1414 679 Omnia
1451 651 1557 690 que-

243 721 430 760 cumque
473 709 668 749 dixerim!
710 710 842 757 vobis,
876 708 1034 760 facite,
1082 709 1208 761 quod
1251 720 1346 747 non
1379 707 1561 762 diceret

242 777 382 818 hodie
427 779 486 817 de
530 778 704 818 nostris
751 777 990 831 episcopis
1023 783 1223 831 propter
1253 777 1559 830 ingratiorem

244 847 482 888 defectum
515 847 772 897 sentencie,
805 848 912 887 ideo
950 847 1139 887 videtur
1171 848 1300 900 quod
1323 852 1430 887 sunt
1451 847 1558 899 plus

243 917 443 958 debriati
476 916 677 957 avaricia
709 923 756 957 et
786 916 1122 972 ingratitudine
1153 916 1442 971 ignorancie‚
1490 930 1558 956 sa-

190 1004 227 1024 10
241 986 428 1040 piencie
460 986 609 1040 prime
643 987 879 1040 opposite,
920 1001 1058 1040 quam
1090 986 1417 1041 irreligiositas
1450 984 1556 1026 Sca-

240 1056 416 1097 riothis.
467 1056 639 1097 Melius
676 1057 840 1110 utique
879 1057 1004 1097 foret
1042 1057 1189 1097 semel
1222 1057 1280 1096 ad
1311 1055 1557 1096 sanitatem

239 1126 499 1179 perfectam
531 1128 808 1179 perturbare
855 1126 1105 1167 ecclesiam
1145 1139 1282 1179 quam
1322 1126 1451 1179 quod
1481 1138 1556 1165 re-

240 1202 423 1237 maneat
473 1197 696 1237 continue
753 1196 1082 1250 periculosiUS‚
1141 1195 1450 1249 irreligiosius
1510 1200 1557 1235 et

240 1266 385 1307 lacius
417 1268 707 1320 perturbata.

186 1341 223 1374 15
296 1337 508 1377 Ulterius
530 1338 788 1378 notandum
812 1343 886 1377 est
907 1336 1067 1387 tercio,
1101 1338 1229 1390 quod
1256 1349 1458 1377 necesse
1483 1340 1556 1375 est
1574 1340 1792 1411 kaeggegnggg
1803 1342 1838 1370 be

237 1420 464 1460 paparum
489 1413 535 1447 et
558 1407 893 1461 episcoporum
916 1407 1125 1448 ordinem
1158 1420 1261 1447 esse
1283 1406 1331 1446 in
1354 1405 1555 1446 ecclesia
1585 1409 1822 1481 tffisyhffiusgtbgg

237 1476 475 1518 militante.
509 1476 606 1518 Sed
629 1477 866 1530 duplicem
891 1476 1103 1517 ordinem
1134 1476 1293 1517 talium
1324 1475 1553 1516 ministro·
1595 1480 1815 1543 ῗξὲὶοῖἶεοὸξὲξῐ

236 1559 338 1586 rum
391 1546 650 1596 considera,
703 1546 886 1587 scilicet
937 1559 1179 1587 cesareum
1235 1552 1284 1586 et
1335 1545 1553 1586 divinum.

238 1615 462 1668 Quamvis
495 1623 649 1657 autem
682 1622 902 1670 oporteat
934 1630 995 1656 ex
1027 1616 1206 1657 malicia
1238 1616 1452 1657 ordinem
1482 1629 1552 1656 ce-

181 1697 222 1720 20
237 1699 419 1726 sareum
442 1701 581 1740 quem
606 1687 820 1728 Christus
843 1688 1079 1740 approbat
1112 1687 1368 1727 secundum
1401 1691 1553 1727 totum

236 1757 413 1797 bonum
456 1757 643 1798 virtutis
686 1757 733 1797 in
779 1770 835 1797 eo
880 1758 1056 1797 bonum
1100 1757 1214 1798 utile
1252 1758 1330 1797 vel
1372 1762 1551 1806 nature,

236 1839 432 1867 necesse
465 1832 621 1867 tamen
655 1832 728 1867 est
758 1827 806 1867 in
839 1840 894 1867 eo
925 1840 1030 1867 esse
1060 1828 1227 1867 malum
1251 1828 1391 1880 culpe
1424 1825 1553 1879 quod

235 1895 368 1936 Deus
399 1898 639 1950 reprobat,
674 1903 721 1937 et
754 1897 821 1937 sic
854 1897 932 1936 dat
953 1897 1086 1937 Deus
1118 1896 1332 1950 tyrannis
1363 1901 1410 1936 et
1430 1896 1550 1936 blas-

234 1964 369 2006 femis
413 1967 539 2006 bona
584 1980 675 2020 que
721 1971 958 2020 occupant
995 1966 1094 2007 sine
1130 1980 1290 2007 eorum
1322 1979 1437 2006 vero
1472 1966 1550 2006 do-

179 2034 389 2076 25minio.
441 2036 599 2077 Alium
643 2042 798 2077 autem
843 2036 1055 2076 ordinem
1108 2036 1314 2077 divinum
1360 2040 1552 2089 oportet

235 2117 341 2145 esse
384 2105 570 2159 integre
622 2107 880 2147 secundum
930 2106 1280 2146 ordinacionem
1333 2105 1549 2155 divinam,

234 2188 337 2215 cum
375 2189 468 2216 non
507 2189 595 2229 per
626 2190 677 2216 se
710 2176 833 2229 sapit
864 2182 1113 2229 peccatum
1145 2182 1196 2216 ut
1231 2176 1373 2229 prior.
1437 2175 1549 2228 Ipse

233 2250 385 2286 autem
419 2259 480 2285 ex
506 2246 808 2286 institucione
840 2247 1039 2286 humana
1072 2246 1196 2300 capit
1223 2247 1399 2298 gradus
1422 2259 1549 2295 suos,

232 2315 489 2355 secundum
523 2316 652 2369 quod
675 2315 911 2356 variantur
942 2315 1172 2370 gradatim
1194 2315 1354 2356 mundi
1378 2315 1548 2356 divicie

176 2394 217 2426 30
230 2386 307 2424 Vel
337 2385 554 2426 honores.
593 2385 728 2425 Alius
762 2391 915 2426 autem
949 2386 1064 2426 ordo
1094 2386 1184 2426 hec
1214 2399 1449 2440 respuens
1479 2399 1547 2425 re-

231 2453 371 2507 spicit
413 2468 531 2507 pure
578 2460 624 2495 et
667 2457 838 2496 mundo
884 2455 1162 2496 abscondite
1201 2455 1548 2496 ordinacionem

232 2524 434 2564 divinam
448 2525 506 2564 ad
527 2525 634 2578 plus
650 2526 726 2565 vel
748 2525 899 2565 minus
922 2526 1301 2578 prodessendum
1324 2524 1544 2572 ecclesie;

231 2594 418 2646 quando
463 2599 617 2634 autem
663 2594 904 2635 ordinacio
955 2596 1153 2635 humana
1198 2595 1456 2635 concordat
1498 2595 1546 2634 in

227 2676 436 2717 persona
483 2677 617 2717 quam
650 2665 783 2705 Deus
829 2665 888 2704 ad
931 2666 1124 2717 gradum
1157 2666 1298 2706 talem
1331 2663 1544 2717 elegerit,

301 2857 344 2884 17.
372 2849 472 2877 Codd.
499 2849 529 2876 in
557 2857 672 2884 marg:
703 2848 790 2876 Ordo
820 2849 932 2885 duplex
960 2849 1165 2877 sacerdotum.
1254 2857 1298 2876 21.
1328 2848 1386 2875 Hic
1415 2848 1543 2876 verbum

230 2895 337 2922 deesse
358 2895 488 2923 videtur.
