2078 3338
169 258 256 286 CAP.
283 247 337 303 X]
564 260 623 291 DE
650 259 930 291 POTESTATE
957 259 1085 292 PAPE.

168 364 433 405 tollenciam
486 364 767 417 potestatis?
828 364 914 404 Est
964 364 1107 417 igitur
1155 372 1479 420 argumentum

170 433 423 483 sufficiens,
473 433 510 474 si
556 434 658 487 quis
704 434 889 475 extollit
934 448 984 474 se
1030 435 1088 474 de
1132 435 1482 488 preeminencia

168 503 421 556 potestatis
456 503 791 553 ecclesiastice,
825 504 943 544 ultra
975 505 1103 557 quod
1135 504 1279 544 scitur
1300 505 1483 545 fundari

171 587 232 613 ex
284 573 515 626 scriptura
551 574 702 613 verbo
756 575 832 613 vel
895 587 1040 626 opere
1083 574 1256 614 fecisse
1298 579 1484 614 sanctos

137 643 429 696 5apostolos,
469 648 579 683 tunc
613 656 707 682 non
740 643 968 683 debemus
1003 644 1196 683 credere
1218 643 1485 684 huiusmodi

169 718 470 766 potestatem.
494 712 555 752 Et
577 713 644 753 sic
668 712 865 766 aliquam
888 718 1177 766 potestatem
1191 713 1485 757 vendicatam

171 783 397 822 debemus
442 795 537 822 non
583 783 789 832 credere,
835 788 886 822 ut
930 796 1022 835 ego
1056 796 1152 822 non
1187 784 1345 832 credo,
1390 796 1486 823 non

173 854 393 892 obstante
429 852 738 892 concessione
773 851 954 893 Cesaris
988 853 1116 905 quod
1146 852 1343 905 quilibet
1364 866 1488 906 papa

171 922 316 962 habet
329 927 615 975 potestatem
631 921 943 962 iurisdicionis
960 922 1061 961 sive
1082 921 1322 976 regiminis
1345 935 1488 975 super

117 1008 156 1030 10
173 997 319 1031 totam
352 991 565 1042 Yndiam,
599 991 811 1032 Yudeam
853 997 899 1031 et
939 991 1048 1031 alias
1093 991 1331 1042 naciones,
1379 1005 1488 1045 ymo

175 1062 314 1102 credo
361 1061 489 1114 quod
532 1074 627 1101 non
669 1061 826 1110 habet,
872 1060 992 1101 sicut
1030 1074 1119 1100 nec
1171 1061 1313 1101 credo
1359 1061 1490 1114 quod

171 1132 343 1172 Petrus
387 1136 633 1184 superstes
676 1130 838 1171 habuit
870 1136 964 1171 tam
997 1131 1148 1183 ample
1189 1130 1491 1183 singulariter

173 1206 346 1241 tantam
389 1200 671 1254 potenciam,
717 1200 825 1253 quia
869 1206 982 1240 tunc
1020 1199 1154 1240 nimis
1188 1200 1397 1254 graviter
1430 1213 1491 1240 ex

174 1270 474 1324 negligencia
504 1271 814 1323 peccavisset.

122 1347 156 1379 15
229 1340 398 1380 'sercio
442 1340 693 1394 replicatur
739 1346 902 1380 contra
942 1340 1064 1380 dicta
1094 1354 1181 1394 per
1230 1341 1321 1380 hoc
1364 1339 1493 1392 quod

172 1410 303 1450 multi
317 1409 466 1450 sancti
486 1423 611 1463 pape
635 1415 681 1450 et
697 1409 926 1463 episcopi,
949 1409 1080 1450 multi
1101 1409 1229 1451 beati
1251 1409 1491 1449 seculares

175 1479 349 1520 domini
365 1485 411 1520 et
431 1479 598 1533 populi
617 1479 914 1519 dotacionem
938 1479 1138 1520 ecclesie
1154 1481 1490 1533 approbarunt,

174 1563 281 1603 ymo
314 1549 446 1589 aliter
488 1562 582 1589 non
632 1550 911 1590 haberemus
943 1563 1116 1603 papam
1159 1550 1236 1590 vel
1280 1548 1492 1589 ordinem

176 1619 524 1673 episcoporum,
571 1624 616 1658 et
659 1632 747 1671 per
786 1632 1083 1672 consequens
1121 1632 1208 1659 nec
1252 1631 1492 1658 causarum

119 1705 161 1727 20
177 1688 597 1730 ecclesiasticarum
640 1688 906 1729 decisiones
950 1702 1038 1729 nec
1081 1688 1492 1742 privilegiaciones

173 1772 262 1799 nec
300 1764 694 1799 sacramentorum
733 1764 810 1798 aut
852 1758 1166 1799 ministrorum
1212 1756 1491 1798 ecclesiasti-

177 1843 338 1869 corum
375 1827 762 1878 ministraciones‚
796 1829 925 1881 quod
960 1834 1031 1868 est
1065 1834 1228 1869 contra
1257 1828 1494 1868 racionem

176 1899 446 1949 naturalem,
481 1903 533 1938 ut
556 1898 756 1938 ecclesia
778 1898 838 1939 sit
852 1898 917 1938 ita
949 1899 1181 1951 acephala.
1199 1897 1332 1940 Sicut
1351 1897 1495 1951 igitur

178 1974 370 2022 oportet
404 1980 509 2007 esse
540 1966 780 2020 principes
814 1969 1048 2008 seculares
1086 1968 1149 2008 ita
1185 1973 1233 2008 et
1253 1967 1494 2021 principes

122 2045 161 2078 25
177 2039 457 2093 spiritualeS,
491 2036 612 2076 sieut
646 2038 963 2091 exemplatum
998 2043 1070 2078 est
1100 2037 1147 2077 in
1178 2037 1331 2078 veteri
1355 2043 1494 2078 testa-

177 2115 335 2150 mento
348 2122 355 2156 ;
366 2109 500 2150 nimis
513 2122 683 2164 magna
695 2109 854 2162 itaque
862 2109 982 2150 foret
996 2109 1297 2163 presumpcio
1311 2120 1495 2148 cessare

179 2179 467 2229 dotaciones,
491 2179 755 2220 elecciones
780 2185 826 2219 et
847 2181 979 2233 leges
1003 2179 1203 2219 ecclesie
1219 2193 1364 2232 super
1383 2178 1496 2219 istis.

240 2249 474 2302 Quantum
514 2250 570 2289 ad
608 2249 735 2289 istud
768 2255 878 2289 sunt
915 2250 1057 2288 multa
1089 2248 1304 2289 dicenda:
1345 2248 1495 2301 primo

184 2320 312 2372 quod
344 2324 671 2374 argumentum
703 2332 798 2359 non
830 2320 973 2368 valet,
1007 2332 1110 2358 cum
1143 2331 1305 2358 omnes
1333 2331 1495 2371 pecca-

125 2396 167 2427 30
182 2395 353 2430 verunt
386 2395 434 2430 et
466 2395 609 2443 egent
641 2389 800 2442 gracia
820 2389 926 2439 Dei,
957 2389 1067 2429 ideo
1093 2389 1234 2429 docet
1257 2389 1497 2428 decretum

184 2458 495 2499 distinccione
529 2457 665 2498 VIII:
706 2457 757 2498 Sa·
787 2460 909 2499 solus
945 2458 1161 2511 Christus,
1195 2458 1323 2511 quod
1355 2457 1496 2496 debe-

182 2542 282 2568 mus
316 2529 466 2568 solum
500 2527 633 2581 sequi
659 2526 905 2578 Christum,
938 2527 1018 2580 qui
1050 2540 1202 2567 errare
1225 2540 1320 2567 non
1342 2525 1499 2580 potuit

256 2686 278 2705 1.
294 2677 411 2705 Codd.:
432 2676 658 2704 excellenciam.
749 2684 779 2710 4.
802 2675 919 2703 Codd.:
940 2676 988 2704 vel
1005 2678 1113 2703 nostro
1128 2682 1223 2710 opere
1241 2674 1427 2710 velsecz‘sse.
1450 2673 1498 2702 Cf.

185 2732 213 2758 p.
237 2723 306 2757 283,
328 2724 345 2750 l.
368 2722 395 2751 3.
471 2722 515 2750 15.
541 2724 570 2751 A
596 2723 627 2750 in
654 2730 768 2757 marg:
796 2722 904 2750 Tercio
924 2722 1084 2758 arguitur.
1106 2721 1207 2749 Codd.
1229 2721 1259 2748 in
1281 2728 1395 2755 marg:
1416 2720 1501 2754 Pape

184 2770 358 2804 necessitas,
380 2773 454 2797 nota
481 2770 565 2797 bene.
641 2768 684 2797 31·
717 2768 816 2796 Codd.
848 2768 878 2796 in
909 2776 1022 2803 marg.:
1055 2768 1260 2796 Dotacionem
1290 2767 1501 2802 approbantes

182 2817 285 2843 sancti
301 2819 523 2851 peccaverunt.

257 2888 308 2919 ²31.
336 2887 419 2929 Cap.
447 2886 504 2920 IX.

1691 263 1768 301 237

1510 375 1536 403 It
1555 375 1581 403 is
1603 375 1666 403 said
1688 374 1751 402 that

1525 410 1740 443 withdrawing

1532 445 1729 472 endon-mem

1471 506 1479 512 ,
1504 480 1606 507 would
1629 480 1696 506 suin
1719 479 1767 506 the

1570 514 1704 542 C11urc11.

1579 2267 1722 2294 Answer.

1585 2309 1607 2329 1.
1630 2302 1653 2327 lt
1673 2300 1698 2326 is

1538 2335 1703 2363 forbidden
1725 2335 1764 2369 by

1610 2370 1690 2398 God.
