<?xml version="1.0" encoding="UTF-8"?>
<!DOCTYPE html PUBLIC "-//W3C//DTD XHTML 1.0 Transitional//EN"
    "http://www.w3.org/TR/xhtml1/DTD/xhtml1-transitional.dtd">
<html xmlns="http://www.w3.org/1999/xhtml" xml:lang="en" lang="en">
 <head>
  <title>
</title>
<meta http-equiv="Content-Type" content="text/html;charset=utf-8" />
  <meta name='ocr-system' content='tesseract 3.04.00' />
  <meta name='ocr-capabilities' content='ocr_page ocr_carea ocr_par ocr_line ocrx_word'/>
</head>
<body>
  <div class='ocr_page' id='page_1' title='image "./tractatusdepotes00wycl_0224.png"; bbox 0 0 2078 3338; ppageno 0'>
   <div class='ocr_carea' id='block_1_1' title="bbox 207 250 1806 307">
    <p class='ocr_par' dir='ltr' id='par_1_1' title="bbox 207 250 1806 307">
     <span class='ocr_line' id='line_1_1' title="bbox 207 250 1806 307; baseline -0.005 -12"><span class='ocrx_word' id='word_1_1' title='bbox 207 260 277 295; x_wconf 72' lang='lat'>162</span> <span class='ocrx_word' id='word_1_2' title='bbox 934 264 1157 296; x_wconf 69' lang='lat' dir='ltr'>JOHANN{s</span> <span class='ocrx_word' id='word_1_3' title='bbox 1184 264 1370 296; x_wconf 76' lang='lat' dir='ltr'>WYCLIF</span> <span class='ocrx_word' id='word_1_4' title='bbox 1606 250 1712 307; x_wconf 67' lang='lat' dir='ltr'>[CAP.</span> <span class='ocrx_word' id='word_1_5' title='bbox 1739 261 1806 288; x_wconf 81' lang='lat' dir='ltr'>vn.</span> 
     </span>
    </p>
   </div>
   <div class='ocr_carea' id='block_1_2' title="bbox 230 368 1809 512">
    <p class='ocr_par' dir='ltr' id='par_1_2' title="bbox 230 368 1809 512">
     <span class='ocr_line' id='line_1_2' title="bbox 230 368 1807 442; baseline -0.002 -32"><span class='ocrx_word' id='word_1_6' title='bbox 230 380 447 442; x_wconf 20' lang='lat' dir='ltr'>dApriclhrisss&#39;fff</span> <span class='ocrx_word' id='word_1_7' title='bbox 493 370 641 410; x_wconf 86' lang='lat' dir='ltr'>omnis</span> <span class='ocrx_word' id='word_1_8' title='bbox 683 371 824 409; x_wconf 89' lang='lat' dir='ltr'>homo</span> <span class='ocrx_word' id='word_1_9' title='bbox 870 368 988 409; x_wconf 84' lang='lat' dir='ltr'>vivit</span> <span class='ocrx_word' id='word_1_10' title='bbox 1038 375 1129 408; x_wconf 90' lang='lat' dir='ltr'>tam</span> <span class='ocrx_word' id='word_1_11' title='bbox 1181 368 1494 421; x_wconf 88' lang='lat' dir='ltr'>proprietarie</span> <span class='ocrx_word' id='word_1_12' title='bbox 1540 382 1677 421; x_wconf 87' lang='lat' dir='ltr'>quam</span> <span class='ocrx_word' id='word_1_13' title='bbox 1729 382 1807 407; x_wconf 81' lang='lat' dir='ltr'>ex-</span> 
     </span>
     <span class='ocr_line' id='line_1_3' title="bbox 241 423 1809 512; baseline -0.002 -32"><span class='ocrx_word' id='word_1_14' title='bbox 241 423 439 512; x_wconf 52' lang='grc' dir='ltr'>ἑΞΞΞῙΞΞιέ</span> <span class='ocrx_word' id='word_1_15' title='bbox 492 439 816 493; x_wconf 77' lang='lat' dir='ltr'>proprietarie‚</span> <span class='ocrx_word' id='word_1_16' title='bbox 858 445 906 478; x_wconf 91' lang='lat' dir='ltr'>et</span> <span class='ocrx_word' id='word_1_17' title='bbox 943 438 1010 478; x_wconf 86' lang='lat' dir='ltr'>sic</span> <span class='ocrx_word' id='word_1_18' title='bbox 1047 438 1283 491; x_wconf 91' lang='lat' dir='ltr'>inponunt</span> <span class='ocrx_word' id='word_1_19' title='bbox 1313 451 1526 491; x_wconf 85' lang='lat' dir='ltr'>magnam</span> <span class='ocrx_word' id='word_1_20' title='bbox 1559 438 1809 478; x_wconf 81' lang='lat' dir='ltr'>stulticiam</span> 
     </span>
    </p>
   </div>
   <div class='ocr_carea' id='block_1_3' title="bbox 231 507 1871 1331">
    <p class='ocr_par' dir='ltr' id='par_1_3' title="bbox 231 507 1871 1331">
     <span class='ocr_line' id='line_1_4' title="bbox 236 507 1807 563; baseline 0.001 -17"><span class='ocrx_word' id='word_1_21' title='bbox 236 520 372 546; x_wconf 72' lang='lat' dir='ltr'>between</span> <span class='ocrx_word' id='word_1_22' title='bbox 393 519 443 557; x_wconf 60' lang='lat' dir='ltr'>the</span> <span class='ocrx_word' id='word_1_23' title='bbox 490 523 615 563; x_wconf 82' lang='lat' dir='ltr'>pape</span> <span class='ocrx_word' id='word_1_24' title='bbox 658 508 857 549; x_wconf 88' lang='lat' dir='ltr'>Nicolao</span> <span class='ocrx_word' id='word_1_25' title='bbox 902 508 986 550; x_wconf 87' lang='lat' dir='ltr'>III.</span> <span class='ocrx_word' id='word_1_26' title='bbox 1039 514 1086 549; x_wconf 90' lang='lat' dir='ltr'>et</span> <span class='ocrx_word' id='word_1_27' title='bbox 1130 508 1302 548; x_wconf 85' lang='lat' dir='ltr'>sanctis</span> <span class='ocrx_word' id='word_1_28' title='bbox 1356 507 1645 561; x_wconf 87' lang='lat' dir='ltr'>doctoribus,</span> <span class='ocrx_word' id='word_1_29' title='bbox 1697 522 1807 561; x_wconf 90' lang='lat' dir='ltr'>ymo</span> 
     </span>
     <span class='ocr_line' id='line_1_5' title="bbox 232 555 1806 636; baseline -0.002 -16"><span class='ocrx_word' id='word_1_30' title='bbox 232 555 440 636; x_wconf 47' lang='grc' dir='ltr'>ροῗέἷῗξζῖιά</span> <span class='ocrx_word' id='word_1_31' title='bbox 491 579 665 620; x_wconf 89' lang='lat' dir='ltr'>nostris</span> <span class='ocrx_word' id='word_1_32' title='bbox 702 578 953 632; x_wconf 82' lang='lat' dir='ltr'>religiosiS‚</span> <span class='ocrx_word' id='word_1_33' title='bbox 993 591 1095 618; x_wconf 87' lang='lat' dir='ltr'>cum</span> <span class='ocrx_word' id='word_1_34' title='bbox 1135 578 1298 619; x_wconf 89' lang='lat' dir='ltr'>dicunt</span> <span class='ocrx_word' id='word_1_35' title='bbox 1336 579 1464 631; x_wconf 90' lang='lat' dir='ltr'>quod</span> <span class='ocrx_word' id='word_1_36' title='bbox 1500 591 1596 617; x_wconf 91' lang='lat' dir='ltr'>non</span> <span class='ocrx_word' id='word_1_37' title='bbox 1629 577 1689 617; x_wconf 90' lang='lat' dir='ltr'>sit</span> <span class='ocrx_word' id='word_1_38' title='bbox 1720 584 1806 617; x_wconf 85' lang='lat' dir='ltr'>sta-</span> 
     </span>
     <span class='ocr_line' id='line_1_6' title="bbox 238 631 1841 700; baseline -0.002 -11"><span class='ocrx_word' id='word_1_39' title='bbox 238 631 428 658; x_wconf 53' lang='lat' dir='ltr'>possefflon&#39;</span> <span class='ocrx_word' id='word_1_40' title='bbox 490 655 620 689; x_wconf 88' lang='lat' dir='ltr'>tuum</span> <span class='ocrx_word' id='word_1_41' title='bbox 651 648 848 689; x_wconf 89' lang='lat' dir='ltr'>istorum</span> <span class='ocrx_word' id='word_1_42' title='bbox 881 647 1139 688; x_wconf 78' lang='lat' dir='ltr'>distincclo.</span> <span class='ocrx_word' id='word_1_43' title='bbox 1187 647 1363 687; x_wconf 90' lang='lat' dir='ltr'>Notum</span> <span class='ocrx_word' id='word_1_44' title='bbox 1397 652 1480 698; x_wconf 87' lang='lat' dir='ltr'>est,</span> <span class='ocrx_word' id='word_1_45' title='bbox 1511 646 1713 700; x_wconf 78' lang='lat' dir='ltr'>inquam,</span> <span class='ocrx_word' id='word_1_46' title='bbox 1747 651 1841 687; x_wconf 80' lang='lat' dir='ltr'>ex5</span> 
     </span>
     <span class='ocr_line' id='line_1_7' title="bbox 491 716 1809 771; baseline -0.001 -13"><span class='ocrx_word' id='word_1_47' title='bbox 491 719 631 759; x_wconf 89' lang='lat' dir='ltr'>modo</span> <span class='ocrx_word' id='word_1_48' title='bbox 659 717 853 758; x_wconf 87' lang='lat' dir='ltr'>vivendi</span> <span class='ocrx_word' id='word_1_49' title='bbox 884 723 975 758; x_wconf 89' lang='lat' dir='ltr'>tam</span> <span class='ocrx_word' id='word_1_50' title='bbox 1008 717 1236 771; x_wconf 88' lang='lat' dir='ltr'>preterito</span> <span class='ocrx_word' id='word_1_51' title='bbox 1271 731 1407 770; x_wconf 87' lang='lat' dir='ltr'>quam</span> <span class='ocrx_word' id='word_1_52' title='bbox 1438 716 1651 770; x_wconf 75' lang='lat' dir='ltr'>presenti</span> <span class='ocrx_word' id='word_1_53' title='bbox 1682 718 1809 770; x_wconf 88' lang='lat' dir='ltr'>quod</span> 
     </span>
     <span class='ocr_line' id='line_1_8' title="bbox 490 786 1810 841; baseline 0 -13"><span class='ocrx_word' id='word_1_54' title='bbox 490 789 536 829; x_wconf 91' lang='lat' dir='ltr'>in</span> <span class='ocrx_word' id='word_1_55' title='bbox 580 788 669 828; x_wconf 89' lang='lat' dir='ltr'>alio</span> <span class='ocrx_word' id='word_1_56' title='bbox 715 793 839 828; x_wconf 86' lang='lat' dir='ltr'>statu</span> <span class='ocrx_word' id='word_1_57' title='bbox 878 793 951 827; x_wconf 91' lang='lat' dir='ltr'>est</span> <span class='ocrx_word' id='word_1_58' title='bbox 990 788 1141 828; x_wconf 87' lang='lat' dir='ltr'>clerus</span> <span class='ocrx_word' id='word_1_59' title='bbox 1181 793 1435 841; x_wconf 74' lang='lat' dir='ltr'><strong>postquam</strong></span> <span class='ocrx_word' id='word_1_60' title='bbox 1468 786 1652 840; x_wconf 88' lang='lat' dir='ltr'>recepit</span> <span class='ocrx_word' id='word_1_61' title='bbox 1684 788 1810 828; x_wconf 86' lang='lat' dir='ltr'>dota-</span> 
     </span>
     <span class='ocr_line' id='line_1_9' title="bbox 493 856 1811 910; baseline -0.002 -11"><span class='ocrx_word' id='word_1_62' title='bbox 493 860 674 899; x_wconf 86' lang='lat' dir='ltr'>cionem</span> <span class='ocrx_word' id='word_1_63' title='bbox 715 871 950 898; x_wconf 74' lang='lat' dir='ltr'>cesaream</span> <span class='ocrx_word' id='word_1_64' title='bbox 990 863 1036 897; x_wconf 91' lang='lat' dir='ltr'>et</span> <span class='ocrx_word' id='word_1_65' title='bbox 1074 858 1120 897; x_wconf 90' lang='lat' dir='ltr'>in</span> <span class='ocrx_word' id='word_1_66' title='bbox 1160 857 1246 898; x_wconf 90' lang='lat' dir='ltr'>alio</span> <span class='ocrx_word' id='word_1_67' title='bbox 1279 863 1527 910; x_wconf 78' lang='lat' dir='ltr'>antequam</span> <span class='ocrx_word' id='word_1_68' title='bbox 1564 856 1706 897; x_wconf 88' lang='lat' dir='ltr'>fuerit</span> <span class='ocrx_word' id='word_1_69' title='bbox 1744 857 1811 897; x_wconf 90' lang='lat' dir='ltr'>sic</span> 
     </span>
     <span class='ocr_line' id='line_1_10' title="bbox 494 926 1810 979; baseline -0.001 -10"><span class='ocrx_word' id='word_1_70' title='bbox 494 930 696 978; x_wconf 76' lang='lat' dir='ltr'>dotatus,</span> <span class='ocrx_word' id='word_1_71' title='bbox 737 928 859 968; x_wconf 91' lang='lat' dir='ltr'>sicut</span> <span class='ocrx_word' id='word_1_72' title='bbox 901 927 946 967; x_wconf 90' lang='lat' dir='ltr'>in</span> <span class='ocrx_word' id='word_1_73' title='bbox 979 927 1066 968; x_wconf 90' lang='lat' dir='ltr'>alio</span> <span class='ocrx_word' id='word_1_74' title='bbox 1102 933 1226 969; x_wconf 85' lang='lat' dir='ltr'>statu</span> <span class='ocrx_word' id='word_1_75' title='bbox 1259 927 1426 968; x_wconf 87' lang='lat' dir='ltr'>vivunt</span> <span class='ocrx_word' id='word_1_76' title='bbox 1455 926 1666 979; x_wconf 82' lang='lat' dir='ltr'>religiosi</span> <span class='ocrx_word' id='word_1_77' title='bbox 1698 940 1810 979; x_wconf 92' lang='lat' dir='ltr'>pos-</span> 
     </span>
     <span class='ocr_line' id='line_1_11' title="bbox 493 996 1871 1050; baseline -0.002 -11"><span class='ocrx_word' id='word_1_78' title='bbox 493 997 754 1048; x_wconf 77' lang='lat' dir='ltr'>sessionati,</span> <span class='ocrx_word' id='word_1_79' title='bbox 801 998 946 1038; x_wconf 88' lang='lat' dir='ltr'>eciam</span> <span class='ocrx_word' id='word_1_80' title='bbox 987 997 1035 1038; x_wconf 87' lang='lat' dir='ltr'>in</span> <span class='ocrx_word' id='word_1_81' title='bbox 1081 998 1168 1038; x_wconf 89' lang='lat' dir='ltr'>alio</span> <span class='ocrx_word' id='word_1_82' title='bbox 1214 997 1383 1038; x_wconf 90' lang='lat' dir='ltr'>fratres</span> <span class='ocrx_word' id='word_1_83' title='bbox 1430 1003 1476 1038; x_wconf 93' lang='lat' dir='ltr'>et</span> <span class='ocrx_word' id='word_1_84' title='bbox 1511 997 1597 1046; x_wconf 79' lang='lat' dir='ltr'>alii,</span> <span class='ocrx_word' id='word_1_85' title='bbox 1643 996 1813 1050; x_wconf 89' lang='lat' dir='ltr'>quibus</span> <span class='ocrx_word' id='word_1_86' title='bbox 1830 1009 1871 1029; x_wconf 85' lang='lat'>·10</span> 
     </span>
     <span class='ocr_line' id='line_1_12' title="bbox 492 1066 1813 1121; baseline -0.002 -12"><span class='ocrx_word' id='word_1_87' title='bbox 492 1082 585 1109; x_wconf 87' lang='lat' dir='ltr'>non</span> <span class='ocrx_word' id='word_1_88' title='bbox 611 1074 720 1109; x_wconf 88' lang='lat' dir='ltr'>sunt</span> <span class='ocrx_word' id='word_1_89' title='bbox 743 1068 999 1109; x_wconf 84' lang='lat' dir='ltr'>elemosine</span> <span class='ocrx_word' id='word_1_90' title='bbox 1024 1074 1260 1121; x_wconf 80' lang='lat' dir='ltr'>perpetue</span> <span class='ocrx_word' id='word_1_91' title='bbox 1281 1067 1547 1108; x_wconf 87' lang='lat' dir='ltr'>humanitus</span> <span class='ocrx_word' id='word_1_92' title='bbox 1571 1066 1638 1107; x_wconf 86' lang='lat' dir='ltr'>sic</span> <span class='ocrx_word' id='word_1_93' title='bbox 1659 1066 1813 1107; x_wconf 80' lang='lat' dir='ltr'>affixe.</span> 
     </span>
     <span class='ocr_line' id='line_1_13' title="bbox 494 1136 1816 1191; baseline -0.003 -11"><span class='ocrx_word' id='word_1_94' title='bbox 494 1138 656 1180; x_wconf 85' lang='lat' dir='ltr'>Status</span> <span class='ocrx_word' id='word_1_95' title='bbox 688 1138 831 1191; x_wconf 87' lang='lat' dir='ltr'>igitur</span> <span class='ocrx_word' id='word_1_96' title='bbox 865 1137 1267 1191; x_wconf 79' lang='lat' dir='ltr'>exproprietarius</span> <span class='ocrx_word' id='word_1_97' title='bbox 1298 1137 1413 1177; x_wconf 87' lang='lat' dir='ltr'>cleri</span> <span class='ocrx_word' id='word_1_98' title='bbox 1437 1143 1508 1178; x_wconf 90' lang='lat' dir='ltr'>est</span> <span class='ocrx_word' id='word_1_99' title='bbox 1530 1142 1679 1178; x_wconf 84' lang='lat' dir='ltr'>status</span> <span class='ocrx_word' id='word_1_100' title='bbox 1704 1136 1816 1176; x_wconf 89' lang='lat' dir='ltr'>cleri</span> 
     </span>
     <span class='ocr_line' id='line_1_14' title="bbox 495 1206 1813 1259; baseline -0.002 -11"><span class='ocrx_word' id='word_1_101' title='bbox 495 1208 810 1249; x_wconf 87' lang='lat' dir='ltr'>conversandi</span> <span class='ocrx_word' id='word_1_102' title='bbox 833 1207 933 1247; x_wconf 88' lang='lat' dir='ltr'>sine</span> <span class='ocrx_word' id='word_1_103' title='bbox 954 1207 1203 1248; x_wconf 88' lang='lat' dir='ltr'>dotacione</span> <span class='ocrx_word' id='word_1_104' title='bbox 1227 1212 1274 1248; x_wconf 91' lang='lat' dir='ltr'>et</span> <span class='ocrx_word' id='word_1_105' title='bbox 1298 1206 1689 1248; x_wconf 89' lang='lat' dir='ltr'>elemosinacione</span> <span class='ocrx_word' id='word_1_106' title='bbox 1711 1219 1813 1259; x_wconf 92' lang='lat' dir='ltr'>per-</span> 
     </span>
     <span class='ocr_line' id='line_1_15' title="bbox 231 1275 1816 1331; baseline -0.005 -9"><span class='ocrx_word' id='word_1_107' title='bbox 231 1295 454 1322; x_wconf 77' lang='lat' dir='ltr'>Endowments</span> <span class='ocrx_word' id='word_1_108' title='bbox 494 1283 637 1331; x_wconf 89' lang='lat' dir='ltr'>petua</span> <span class='ocrx_word' id='word_1_109' title='bbox 690 1277 966 1318; x_wconf 82' lang='lat' dir='ltr'>secularium</span> <span class='ocrx_word' id='word_1_110' title='bbox 1019 1277 1326 1318; x_wconf 86' lang='lat' dir='ltr'>dominorum.</span> <span class='ocrx_word' id='word_1_111' title='bbox 1388 1277 1450 1317; x_wconf 83' lang='lat' dir='ltr'>Et</span> <span class='ocrx_word' id='word_1_112' title='bbox 1502 1282 1649 1318; x_wconf 90' lang='lat' dir='ltr'>status</span> <span class='ocrx_word' id='word_1_113' title='bbox 1704 1275 1816 1316; x_wconf 89' lang='lat' dir='ltr'>cleri</span> 
     </span>
    </p>
   </div>
   <div class='ocr_carea' id='block_1_4' title="bbox 253 1330 1872 1401">
    <p class='ocr_par' dir='ltr' id='par_1_4' title="bbox 253 1330 1872 1401">
     <span class='ocr_line' id='line_1_16' title="bbox 253 1330 1872 1401; baseline -0.002 -13"><span class='ocrx_word' id='word_1_114' title='bbox 253 1330 428 1399; x_wconf 46' lang='grc' dir='ltr'>ὲῖῗέτῖᾗίἒὲ,</span> <span class='ocrx_word' id='word_1_115' title='bbox 495 1346 838 1401; x_wconf 80' lang='lat' dir='ltr'>proprietarius</span> <span class='ocrx_word' id='word_1_116' title='bbox 892 1353 965 1388; x_wconf 90' lang='lat' dir='ltr'>est</span> <span class='ocrx_word' id='word_1_117' title='bbox 1016 1352 1166 1388; x_wconf 87' lang='lat' dir='ltr'>status</span> <span class='ocrx_word' id='word_1_118' title='bbox 1219 1346 1331 1387; x_wconf 89' lang='lat' dir='ltr'>cleri</span> <span class='ocrx_word' id='word_1_119' title='bbox 1380 1347 1708 1387; x_wconf 83' lang='lat' dir='ltr'>conversando</span> <span class='ocrx_word' id='word_1_120' title='bbox 1755 1346 1872 1385; x_wconf 81' lang='lat' dir='ltr'>eX15</span> 
     </span>
    </p>
   </div>
   <div class='ocr_carea' id='block_1_5' title="bbox 218 1400 1816 1470">
    <p class='ocr_par' dir='ltr' id='par_1_5' title="bbox 218 1400 1816 1470">
     <span class='ocr_line' id='line_1_17' title="bbox 218 1400 1816 1470; baseline -0.004 -8"><span class='ocrx_word' id='word_1_121' title='bbox 218 1400 404 1462; x_wconf 51' lang='lat' dir='ltr'>frigisitaii&#39;neevd</span> <span class='ocrx_word' id='word_1_122' title='bbox 414 1407 465 1470; x_wconf 54' lang='lat' dir='ltr'>ati}</span> <span class='ocrx_word' id='word_1_123' title='bbox 498 1416 749 1457; x_wconf 87' lang='lat' dir='ltr'>dotacione</span> <span class='ocrx_word' id='word_1_124' title='bbox 769 1417 845 1456; x_wconf 89' lang='lat' dir='ltr'>vel</span> <span class='ocrx_word' id='word_1_125' title='bbox 870 1416 1264 1456; x_wconf 90' lang='lat' dir='ltr'>elemosinacione</span> <span class='ocrx_word' id='word_1_126' title='bbox 1285 1421 1519 1470; x_wconf 89' lang='lat' dir='ltr'>perpetua</span> <span class='ocrx_word' id='word_1_127' title='bbox 1540 1415 1816 1456; x_wconf 83' lang='lat' dir='ltr'>secularium</span> 
     </span>
    </p>
   </div>
   <div class='ocr_carea' id='block_1_6' title="bbox 259 1470 1940 2654">
    <p class='ocr_par' dir='ltr' id='par_1_6' title="bbox 259 1470 1940 2654">
     <span class='ocr_line' id='line_1_18' title="bbox 259 1470 1816 1540; baseline -0.004 -8"><span class='ocrx_word' id='word_1_128' title='bbox 259 1470 424 1540; x_wconf 50' lang='lat' dir='ltr'>afiisssslritfy.</span> <span class='ocrx_word' id='word_1_129' title='bbox 498 1486 803 1532; x_wconf 87' lang='lat' dir='ltr'>dominorum,</span> <span class='ocrx_word' id='word_1_130' title='bbox 848 1491 900 1526; x_wconf 91' lang='lat' dir='ltr'>ut</span> <span class='ocrx_word' id='word_1_131' title='bbox 944 1485 1178 1539; x_wconf 90' lang='lat' dir='ltr'>contingit</span> <span class='ocrx_word' id='word_1_132' title='bbox 1219 1485 1436 1539; x_wconf 90' lang='lat' dir='ltr'>personis</span> <span class='ocrx_word' id='word_1_133' title='bbox 1479 1486 1558 1526; x_wconf 87' lang='lat' dir='ltr'>vel</span> <span class='ocrx_word' id='word_1_134' title='bbox 1603 1483 1816 1525; x_wconf 86' lang='lat' dir='ltr'>ecclesiis</span> 
     </span>
     <span class='ocr_line' id='line_1_19' title="bbox 500 1554 1818 1609; baseline -0.002 -12"><span class='ocrx_word' id='word_1_135' title='bbox 500 1556 612 1597; x_wconf 89' lang='lat' dir='ltr'>cleri</span> <span class='ocrx_word' id='word_1_136' title='bbox 657 1555 830 1609; x_wconf 87' lang='lat' dir='ltr'>quibus</span> <span class='ocrx_word' id='word_1_137' title='bbox 876 1554 1208 1608; x_wconf 84' lang='lat' dir='ltr'>appropriatur</span> <span class='ocrx_word' id='word_1_138' title='bbox 1253 1555 1453 1595; x_wconf 88' lang='lat' dir='ltr'>ecclesia</span> <span class='ocrx_word' id='word_1_139' title='bbox 1507 1555 1580 1594; x_wconf 87' lang='lat' dir='ltr'>vel</span> <span class='ocrx_word' id='word_1_140' title='bbox 1637 1568 1818 1595; x_wconf 90' lang='lat' dir='ltr'>annuus</span> 
     </span>
     <span class='ocr_line' id='line_1_20' title="bbox 497 1624 1817 1678; baseline -0.003 -11"><span class='ocrx_word' id='word_1_141' title='bbox 497 1626 709 1668; x_wconf 89' lang='lat' dir='ltr'>redditus</span> <span class='ocrx_word' id='word_1_142' title='bbox 744 1639 803 1665; x_wconf 83' lang='lat' dir='ltr'>ex</span> <span class='ocrx_word' id='word_1_143' title='bbox 832 1631 975 1678; x_wconf 91' lang='lat' dir='ltr'>pacto</span> <span class='ocrx_word' id='word_1_144' title='bbox 1005 1624 1412 1665; x_wconf 86' lang='lat' dir='ltr'>elemosinacionis</span> <span class='ocrx_word' id='word_1_145' title='bbox 1434 1630 1691 1678; x_wconf 89' lang='lat' dir='ltr'>perpetue;</span> <span class='ocrx_word' id='word_1_146' title='bbox 1726 1637 1817 1677; x_wconf 91' lang='lat' dir='ltr'>que</span> 
     </span>
     <span class='ocr_line' id='line_1_21' title="bbox 499 1694 1876 1749; baseline -0.004 -11"><span class='ocrx_word' id='word_1_147' title='bbox 499 1695 652 1738; x_wconf 87' lang='lat' dir='ltr'>omnia</span> <span class='ocrx_word' id='word_1_148' title='bbox 675 1701 867 1748; x_wconf 86' lang='lat' dir='ltr'>oportet</span> <span class='ocrx_word' id='word_1_149' title='bbox 890 1695 1113 1749; x_wconf 84' lang='lat' dir='ltr'>originari</span> <span class='ocrx_word' id='word_1_150' title='bbox 1137 1708 1197 1735; x_wconf 81' lang='lat' dir='ltr'>ex</span> <span class='ocrx_word' id='word_1_151' title='bbox 1221 1695 1500 1736; x_wconf 90' lang='lat' dir='ltr'>auctoritate</span> <span class='ocrx_word' id='word_1_152' title='bbox 1525 1694 1819 1735; x_wconf 89' lang='lat' dir='ltr'>dominorum</span> <span class='ocrx_word' id='word_1_153' title='bbox 1835 1705 1876 1726; x_wconf 90' lang='lat'>20</span> 
     </span>
     <span class='ocr_line' id='line_1_22' title="bbox 498 1764 1819 1818; baseline -0.002 -12"><span class='ocrx_word' id='word_1_154' title='bbox 498 1765 788 1818; x_wconf 77' lang='lat' dir='ltr'>secularium,</span> <span class='ocrx_word' id='word_1_155' title='bbox 827 1764 939 1805; x_wconf 90' lang='lat' dir='ltr'>licet</span> <span class='ocrx_word' id='word_1_156' title='bbox 977 1764 1050 1804; x_wconf 89' lang='lat' dir='ltr'>alii</span> <span class='ocrx_word' id='word_1_157' title='bbox 1090 1765 1148 1804; x_wconf 88' lang='lat' dir='ltr'>de</span> <span class='ocrx_word' id='word_1_158' title='bbox 1182 1765 1305 1805; x_wconf 88' lang='lat' dir='ltr'>clero</span> <span class='ocrx_word' id='word_1_159' title='bbox 1340 1766 1396 1804; x_wconf 88' lang='lat' dir='ltr'>ad</span> <span class='ocrx_word' id='word_1_160' title='bbox 1433 1765 1523 1805; x_wconf 89' lang='lat' dir='ltr'>hoc</span> <span class='ocrx_word' id='word_1_161' title='bbox 1556 1764 1819 1804; x_wconf 83' lang='lat' dir='ltr'>adiuverint</span> 
     </span>
     <span class='ocr_line' id='line_1_23' title="bbox 499 1834 1818 1887; baseline -0.001 -11"><span class='ocrx_word' id='word_1_162' title='bbox 499 1841 546 1876; x_wconf 91' lang='lat' dir='ltr'>et</span> <span class='ocrx_word' id='word_1_163' title='bbox 579 1834 835 1875; x_wconf 86' lang='lat' dir='ltr'>autorizare</span> <span class='ocrx_word' id='word_1_164' title='bbox 867 1834 985 1874; x_wconf 84' lang='lat' dir='ltr'>false</span> <span class='ocrx_word' id='word_1_165' title='bbox 1017 1834 1250 1875; x_wconf 80' lang='lat' dir='ltr'>finxerint.</span> <span class='ocrx_word' id='word_1_166' title='bbox 1297 1834 1358 1875; x_wconf 83' lang='lat' dir='ltr'>Et</span> <span class='ocrx_word' id='word_1_167' title='bbox 1388 1839 1522 1887; x_wconf 87' lang='lat' dir='ltr'>patet</span> <span class='ocrx_word' id='word_1_168' title='bbox 1555 1835 1682 1887; x_wconf 87' lang='lat' dir='ltr'>quod</span> <span class='ocrx_word' id='word_1_169' title='bbox 1715 1834 1818 1875; x_wconf 87' lang='lat' dir='ltr'>talis</span> 
     </span>
     <span class='ocr_line' id='line_1_24' title="bbox 498 1902 1816 1957; baseline -0.001 -13"><span class='ocrx_word' id='word_1_170' title='bbox 498 1903 831 1957; x_wconf 88' lang='lat' dir='ltr'>appropriacio</span> <span class='ocrx_word' id='word_1_171' title='bbox 848 1904 971 1957; x_wconf 85' lang='lat' dir='ltr'>sapit</span> <span class='ocrx_word' id='word_1_172' title='bbox 986 1904 1215 1957; x_wconf 78' lang='lat' dir='ltr'>ingratam</span> <span class='ocrx_word' id='word_1_173' title='bbox 1232 1903 1547 1944; x_wconf 87' lang='lat' dir='ltr'>diffidenciam</span> <span class='ocrx_word' id='word_1_174' title='bbox 1563 1903 1621 1943; x_wconf 90' lang='lat' dir='ltr'>de</span> <span class='ocrx_word' id='word_1_175' title='bbox 1632 1902 1816 1944; x_wconf 85' lang='lat' dir='ltr'>Christo</span> 
     </span>
     <span class='ocr_line' id='line_1_25' title="bbox 499 1972 1817 2028; baseline -0.001 -14"><span class='ocrx_word' id='word_1_176' title='bbox 499 1980 546 2015; x_wconf 89' lang='lat' dir='ltr'>et</span> <span class='ocrx_word' id='word_1_177' title='bbox 578 1974 674 2014; x_wconf 87' lang='lat' dir='ltr'>suis</span> <span class='ocrx_word' id='word_1_178' title='bbox 705 1973 907 2028; x_wconf 85' lang='lat' dir='ltr'>legibus,</span> <span class='ocrx_word' id='word_1_179' title='bbox 948 1986 1040 2027; x_wconf 88' lang='lat' dir='ltr'>qua</span> <span class='ocrx_word' id='word_1_180' title='bbox 1077 1974 1218 2014; x_wconf 87' lang='lat' dir='ltr'>homo</span> <span class='ocrx_word' id='word_1_181' title='bbox 1261 1972 1496 2026; x_wconf 88' lang='lat' dir='ltr'>superflue</span> <span class='ocrx_word' id='word_1_182' title='bbox 1536 1972 1734 2026; x_wconf 77' lang='lat' dir='ltr'>exponit</span> <span class='ocrx_word' id='word_1_183' title='bbox 1767 1986 1817 2014; x_wconf 92' lang='lat' dir='ltr'>se</span> 
     </span>
     <span class='ocr_line' id='line_1_26' title="bbox 498 2042 1874 2097; baseline 0 -13"><span class='ocrx_word' id='word_1_184' title='bbox 498 2044 645 2097; x_wconf 89' lang='lat' dir='ltr'>spinis</span> <span class='ocrx_word' id='word_1_185' title='bbox 699 2049 746 2083; x_wconf 91' lang='lat' dir='ltr'>et</span> <span class='ocrx_word' id='word_1_186' title='bbox 797 2043 1194 2096; x_wconf 89' lang='lat' dir='ltr'>temptacionibus</span> <span class='ocrx_word' id='word_1_187' title='bbox 1246 2043 1381 2083; x_wconf 87' lang='lat' dir='ltr'>huius</span> <span class='ocrx_word' id='word_1_188' title='bbox 1434 2042 1602 2083; x_wconf 87' lang='lat' dir='ltr'>mundi.</span> <span class='ocrx_word' id='word_1_189' title='bbox 1658 2042 1818 2084; x_wconf 86' lang='lat' dir='ltr'>Status</span> <span class='ocrx_word' id='word_1_190' title='bbox 1835 2044 1874 2076; x_wconf 77' lang='lat'>25</span> 
     </span>
     <span class='ocr_line' id='line_1_27' title="bbox 496 2112 1940 2166; baseline -0.002 -12"><span class='ocrx_word' id='word_1_191' title='bbox 496 2113 642 2165; x_wconf 83' lang='lat' dir='ltr'>igitur</span> <span class='ocrx_word' id='word_1_192' title='bbox 676 2113 1080 2166; x_wconf 79' lang='lat' dir='ltr'>exproprietarius</span> <span class='ocrx_word' id='word_1_193' title='bbox 1112 2126 1207 2153; x_wconf 91' lang='lat' dir='ltr'>non</span> <span class='ocrx_word' id='word_1_194' title='bbox 1236 2112 1240 2166; x_wconf 77' lang='lat' dir='ltr'>l</span> <span class='ocrx_word' id='word_1_195' title='bbox 1271 2118 1344 2153; x_wconf 89' lang='lat' dir='ltr'>est</span> <span class='ocrx_word' id='word_1_196' title='bbox 1374 2127 1469 2153; x_wconf 89' lang='lat' dir='ltr'>non</span> <span class='ocrx_word' id='word_1_197' title='bbox 1499 2114 1674 2155; x_wconf 87' lang='lat' dir='ltr'>habere</span> <span class='ocrx_word' id='word_1_198' title='bbox 1707 2118 1817 2153; x_wconf 92' lang='lat' dir='ltr'>tem·</span> <span class='ocrx_word' id='word_1_199' title='bbox 1860 2116 1940 2145; x_wconf 81' lang='lat'>201⁰</span> 
     </span>
     <span class='ocr_line' id='line_1_28' title="bbox 496 2181 1817 2237; baseline -0.002 -13"><span class='ocrx_word' id='word_1_200' title='bbox 496 2184 685 2237; x_wconf 84' lang='lat' dir='ltr'>poralia‚</span> <span class='ocrx_word' id='word_1_201' title='bbox 738 2184 823 2223; x_wconf 91' lang='lat' dir='ltr'>sed</span> <span class='ocrx_word' id='word_1_202' title='bbox 873 2183 1049 2223; x_wconf 86' lang='lat' dir='ltr'>habere</span> <span class='ocrx_word' id='word_1_203' title='bbox 1103 2196 1165 2222; x_wconf 78' lang='lat' dir='ltr'>ex</span> <span class='ocrx_word' id='word_1_204' title='bbox 1216 2195 1336 2235; x_wconf 90' lang='lat' dir='ltr'>puro</span> <span class='ocrx_word' id='word_1_205' title='bbox 1388 2181 1525 2222; x_wconf 90' lang='lat' dir='ltr'>titulo</span> <span class='ocrx_word' id='word_1_206' title='bbox 1570 2181 1664 2222; x_wconf 89' lang='lat' dir='ltr'>Dei</span> <span class='ocrx_word' id='word_1_207' title='bbox 1716 2181 1817 2221; x_wconf 90' lang='lat' dir='ltr'>sine</span> 
     </span>
     <span class='ocr_line' id='line_1_29' title="bbox 496 2251 1817 2305; baseline -0.001 -13"><span class='ocrx_word' id='word_1_208' title='bbox 496 2252 844 2293; x_wconf 87' lang='lat' dir='ltr'>autorizacione</span> <span class='ocrx_word' id='word_1_209' title='bbox 872 2253 1071 2292; x_wconf 89' lang='lat' dir='ltr'>humana</span> <span class='ocrx_word' id='word_1_210' title='bbox 1092 2252 1170 2291; x_wconf 86' lang='lat' dir='ltr'>vel</span> <span class='ocrx_word' id='word_1_211' title='bbox 1202 2251 1519 2292; x_wconf 86' lang='lat' dir='ltr'>sollicitudine</span> <span class='ocrx_word' id='word_1_212' title='bbox 1550 2257 1710 2305; x_wconf 91' lang='lat' dir='ltr'>preter</span> <span class='ocrx_word' id='word_1_213' title='bbox 1741 2264 1817 2291; x_wconf 92' lang='lat' dir='ltr'>ne-</span> 
     </span>
     <span class='ocr_line' id='line_1_30' title="bbox 498 2321 1820 2374; baseline -0.002 -12"><span class='ocrx_word' id='word_1_214' title='bbox 498 2322 700 2363; x_wconf 87' lang='lat' dir='ltr'>cessaria</span> <span class='ocrx_word' id='word_1_215' title='bbox 731 2322 790 2362; x_wconf 84' lang='lat' dir='ltr'>ad</span> <span class='ocrx_word' id='word_1_216' title='bbox 824 2321 936 2362; x_wconf 88' lang='lat' dir='ltr'>cleri</span> <span class='ocrx_word' id='word_1_217' title='bbox 968 2321 1184 2364; x_wconf 87' lang='lat' dir='ltr'>officium.</span> <span class='ocrx_word' id='word_1_218' title='bbox 1223 2321 1324 2361; x_wconf 89' lang='lat' dir='ltr'>Nec</span> <span class='ocrx_word' id='word_1_219' title='bbox 1357 2323 1497 2362; x_wconf 86' lang='lat' dir='ltr'>obest</span> <span class='ocrx_word' id='word_1_220' title='bbox 1528 2321 1820 2374; x_wconf 86' lang='lat' dir='ltr'>perfeccioni</span> 
     </span>
     <span class='ocr_line' id='line_1_31' title="bbox 497 2390 1876 2445; baseline -0.002 -13"><span class='ocrx_word' id='word_1_221' title='bbox 497 2391 618 2432; x_wconf 87' lang='lat' dir='ltr'>illius</span> <span class='ocrx_word' id='word_1_222' title='bbox 651 2397 801 2432; x_wconf 86' lang='lat' dir='ltr'>status</span> <span class='ocrx_word' id='word_1_223' title='bbox 835 2392 964 2445; x_wconf 88' lang='lat' dir='ltr'>quod</span> <span class='ocrx_word' id='word_1_224' title='bbox 997 2393 1088 2431; x_wconf 85' lang='lat' dir='ltr'>sint</span> <span class='ocrx_word' id='word_1_225' title='bbox 1119 2391 1163 2431; x_wconf 89' lang='lat' dir='ltr'>in</span> <span class='ocrx_word' id='word_1_226' title='bbox 1197 2391 1274 2432; x_wconf 88' lang='lat' dir='ltr'>illo</span> <span class='ocrx_word' id='word_1_227' title='bbox 1314 2396 1439 2431; x_wconf 89' lang='lat' dir='ltr'>statu</span> <span class='ocrx_word' id='word_1_228' title='bbox 1470 2390 1677 2444; x_wconf 74' lang='lat' dir='ltr'>pessimi,</span> <span class='ocrx_word' id='word_1_229' title='bbox 1712 2391 1818 2443; x_wconf 87' lang='lat' dir='ltr'>quia</span> <span class='ocrx_word' id='word_1_230' title='bbox 1835 2394 1876 2425; x_wconf 79' lang='lat'>30</span> 
     </span>
     <span class='ocr_line' id='line_1_32' title="bbox 498 2460 1817 2515; baseline -0.003 -13"><span class='ocrx_word' id='word_1_231' title='bbox 498 2462 801 2515; x_wconf 83' lang='lat' dir='ltr'>distinguitur</span> <span class='ocrx_word' id='word_1_232' title='bbox 824 2474 848 2501; x_wconf 88' lang='lat' dir='ltr'>a</span> <span class='ocrx_word' id='word_1_233' title='bbox 872 2467 995 2502; x_wconf 89' lang='lat' dir='ltr'>statu</span> <span class='ocrx_word' id='word_1_234' title='bbox 1017 2474 1208 2502; x_wconf 89' lang='lat' dir='ltr'>morum.</span> <span class='ocrx_word' id='word_1_235' title='bbox 1238 2460 1500 2514; x_wconf 82' lang='lat' dir='ltr'>Supposito</span> <span class='ocrx_word' id='word_1_236' title='bbox 1522 2460 1665 2514; x_wconf 89' lang='lat' dir='ltr'>igitur</span> <span class='ocrx_word' id='word_1_237' title='bbox 1690 2461 1817 2513; x_wconf 88' lang='lat' dir='ltr'>quod</span> 
     </span>
     <span class='ocr_line' id='line_1_33' title="bbox 497 2530 1818 2585; baseline -0.002 -14"><span class='ocrx_word' id='word_1_238' title='bbox 497 2537 646 2572; x_wconf 88' lang='lat' dir='ltr'>status</span> <span class='ocrx_word' id='word_1_239' title='bbox 678 2532 755 2571; x_wconf 91' lang='lat' dir='ltr'>ille</span> <span class='ocrx_word' id='word_1_240' title='bbox 789 2531 850 2572; x_wconf 89' lang='lat' dir='ltr'>sit</span> <span class='ocrx_word' id='word_1_241' title='bbox 882 2531 1026 2572; x_wconf 91' lang='lat' dir='ltr'>alcior</span> <span class='ocrx_word' id='word_1_242' title='bbox 1058 2537 1198 2585; x_wconf 85' lang='lat' dir='ltr'>atque</span> <span class='ocrx_word' id='word_1_243' title='bbox 1221 2530 1502 2584; x_wconf 83' lang='lat' dir='ltr'>perfeccior,</span> <span class='ocrx_word' id='word_1_244' title='bbox 1535 2535 1669 2583; x_wconf 92' lang='lat' dir='ltr'>patet</span> <span class='ocrx_word' id='word_1_245' title='bbox 1690 2530 1818 2583; x_wconf 86' lang='lat' dir='ltr'>quod</span> 
     </span>
     <span class='ocr_line' id='line_1_34' title="bbox 496 2598 1817 2654; baseline -0.002 -14"><span class='ocrx_word' id='word_1_246' title='bbox 496 2601 574 2640; x_wconf 89' lang='lat' dir='ltr'>ille</span> <span class='ocrx_word' id='word_1_247' title='bbox 618 2614 743 2654; x_wconf 89' lang='lat' dir='ltr'>papa</span> <span class='ocrx_word' id='word_1_248' title='bbox 785 2601 969 2654; x_wconf 87' lang='lat' dir='ltr'>ingrate</span> <span class='ocrx_word' id='word_1_249' title='bbox 1015 2607 1063 2641; x_wconf 93' lang='lat' dir='ltr'>et</span> <span class='ocrx_word' id='word_1_250' title='bbox 1098 2600 1351 2640; x_wconf 89' lang='lat' dir='ltr'>infideliter</span> <span class='ocrx_word' id='word_1_251' title='bbox 1390 2600 1519 2640; x_wconf 90' lang='lat' dir='ltr'>ducit</span> <span class='ocrx_word' id='word_1_252' title='bbox 1557 2598 1817 2650; x_wconf 87' lang='lat' dir='ltr'>ecclesiam,</span> 
     </span>
    </p>
   </div>
   <div class='ocr_carea' id='block_1_7' title="bbox 496 2757 1818 2934">
    <p class='ocr_par' dir='ltr' id='par_1_7' title="bbox 496 2757 1818 2934">
     <span class='ocr_line' id='line_1_35' title="bbox 571 2757 1818 2795; baseline -0.002 -8"><span class='ocrx_word' id='word_1_253' title='bbox 571 2769 615 2788; x_wconf 87' lang='lat'>12.</span> <span class='ocrx_word' id='word_1_254' title='bbox 637 2761 664 2787; x_wconf 89' lang='lat' dir='ltr'><strong>A</strong></span> <span class='ocrx_word' id='word_1_255' title='bbox 685 2760 714 2787; x_wconf 88' lang='lat' dir='ltr'>in</span> <span class='ocrx_word' id='word_1_256' title='bbox 737 2768 850 2795; x_wconf 65' lang='lat' dir='ltr'>marg:</span> <span class='ocrx_word' id='word_1_257' title='bbox 876 2759 978 2793; x_wconf 62' lang='lat' dir='ltr'>Notas</span> <span class='ocrx_word' id='word_1_258' title='bbox 1002 2760 1055 2787; x_wconf 82' lang='grc' dir='ltr'>ΑΒ</span> <span class='ocrx_word' id='word_1_259' title='bbox 1077 2761 1108 2787; x_wconf 87' lang='lat' dir='ltr'>in</span> <span class='ocrx_word' id='word_1_260' title='bbox 1129 2768 1242 2795; x_wconf 62' lang='lat' dir='ltr'>marg:</span> <span class='ocrx_word' id='word_1_261' title='bbox 1270 2759 1376 2787; x_wconf 78' lang='lat' dir='ltr'>Status</span> <span class='ocrx_word' id='word_1_262' title='bbox 1401 2759 1678 2794; x_wconf 69' lang='lat' dir='ltr'>exproprietarius.</span> <span class='ocrx_word' id='word_1_263' title='bbox 1711 2757 1818 2785; x_wconf 80' lang='lat' dir='ltr'>Status</span> 
     </span>
     <span class='ocr_line' id='line_1_36' title="bbox 496 2804 1814 2842; baseline -0.002 -9"><span class='ocrx_word' id='word_1_264' title='bbox 496 2807 736 2842; x_wconf 78' lang='lat' dir='ltr'>proprietarius.</span> <span class='ocrx_word' id='word_1_265' title='bbox 827 2806 877 2834; x_wconf 85' lang='lat'>25.</span> <span class='ocrx_word' id='word_1_266' title='bbox 907 2807 952 2833; x_wconf 88' lang='lat' dir='ltr'>A:</span> <span class='ocrx_word' id='word_1_267' title='bbox 981 2807 1110 2841; x_wconf 75' lang='lat' dir='ltr'>spernis.</span> <span class='ocrx_word' id='word_1_268' title='bbox 1206 2806 1255 2834; x_wconf 73' lang='lat'>26.</span> <span class='ocrx_word' id='word_1_269' title='bbox 1287 2805 1325 2832; x_wconf 84' lang='lat' dir='ltr'>B:</span> <span class='ocrx_word' id='word_1_270' title='bbox 1356 2813 1416 2833; x_wconf 83' lang='lat' dir='ltr'>non</span> <span class='ocrx_word' id='word_1_271' title='bbox 1449 2806 1552 2832; x_wconf 69' lang='lat' dir='ltr'>before</span> <span class='ocrx_word' id='word_1_272' title='bbox 1581 2805 1693 2832; x_wconf 74' lang='lat' dir='ltr'>habere</span> <span class='ocrx_word' id='word_1_273' title='bbox 1721 2804 1814 2831; x_wconf 83' lang='lat' dir='ltr'>deest.</span> 
     </span>
     <span class='ocr_line' id='line_1_37' title="bbox 499 2851 1815 2888; baseline -0.002 -8"><span class='ocrx_word' id='word_1_274' title='bbox 499 2861 547 2888; x_wconf 85' lang='lat'>27.</span> <span class='ocrx_word' id='word_1_275' title='bbox 569 2854 621 2880; x_wconf 79' lang='grc' dir='ltr'>ΑΒ</span> <span class='ocrx_word' id='word_1_276' title='bbox 642 2853 672 2880; x_wconf 88' lang='lat' dir='ltr'>in</span> <span class='ocrx_word' id='word_1_277' title='bbox 695 2861 809 2887; x_wconf 70' lang='lat' dir='ltr'>marg:</span> <span class='ocrx_word' id='word_1_278' title='bbox 832 2853 1032 2888; x_wconf 70' lang='lat' dir='ltr'>Privilegium</span> <span class='ocrx_word' id='word_1_279' title='bbox 1052 2854 1130 2881; x_wconf 82' lang='lat' dir='ltr'>cleri</span> <span class='ocrx_word' id='word_1_280' title='bbox 1147 2853 1252 2880; x_wconf 78' lang='lat' dir='ltr'>dalum</span> <span class='ocrx_word' id='word_1_281' title='bbox 1273 2861 1291 2880; x_wconf 85' lang='lat' dir='ltr'>a</span> <span class='ocrx_word' id='word_1_282' title='bbox 1309 2852 1442 2880; x_wconf 65' lang='lat' dir='ltr'>Clu-isto.</span> <span class='ocrx_word' id='word_1_283' title='bbox 1517 2851 1562 2879; x_wconf 86' lang='lat'>31.</span> <span class='ocrx_word' id='word_1_284' title='bbox 1585 2851 1637 2878; x_wconf 83' lang='lat' dir='ltr'>AB</span> <span class='ocrx_word' id='word_1_285' title='bbox 1653 2851 1684 2878; x_wconf 90' lang='lat' dir='ltr'>in</span> <span class='ocrx_word' id='word_1_286' title='bbox 1701 2858 1815 2884; x_wconf 46' lang='lat' dir='ltr'>marga</span> 
     </span>
     <span class='ocr_line' id='line_1_38' title="bbox 496 2899 1025 2934; baseline -0.004 -7"><span class='ocrx_word' id='word_1_287' title='bbox 496 2900 604 2927; x_wconf 73' lang='lat' dir='ltr'>Status</span> <span class='ocrx_word' id='word_1_288' title='bbox 626 2900 897 2934; x_wconf 74' lang='lat' dir='ltr'>exproprsetarius</span> <span class='ocrx_word' id='word_1_289' title='bbox 916 2899 1025 2926; x_wconf 77' lang='lat' dir='ltr'>alcior.</span> 
     </span>
    </p>
   </div>
  </div>
 </body>
</html>
