2078 3338
237 283 327 311 CAP.
349 275 446 326 vm]
640 286 695 317 DE
723 286 1004 318 POTESTATE
1032 287 1162 318 PAPE.

235 389 457 429 vendicat
488 395 710 442 papatum
744 395 943 442 propter
965 389 1211 441 Christum,
1245 396 1446 443 propter
1468 390 1556 443 pri-

235 459 443 499 mitatem
486 459 609 509 fidei,
654 465 855 512 propter
898 465 1095 499 mortem
1138 460 1318 512 jacobi,
1370 460 1449 513 qui
1492 460 1558 500 ibi

235 527 388 581 primo
433 533 626 568 secutus
672 533 745 567 est
789 533 987 568 mortem
1026 528 1228 569 Domini.
1284 528 1555 569 Constanti-

236 597 423 650 nopolis
445 610 562 637 vero
586 602 786 650 propter
808 611 980 638 nomen
1015 598 1202 647 cesaris,
1236 598 1315 651 qui
1348 599 1557 638 dotando

204 671 414 706 §tantum
448 666 691 707 decoravit
736 667 994 710 ecclesiam.
1045 668 1106 708 Et
1139 667 1310 717 Roma,
1349 667 1457 721 quia
1492 667 1558 707 ibi

234 736 383 776 sancti
427 736 631 789 apostoli
664 741 773 776 sunt
817 736 962 778 occisi
1006 743 1053 777 et
1094 737 1296 789 realiter,
1336 737 1442 790 quia
1472 737 1557 777 im-

235 811 481 859 petrarunt
513 819 538 846 a
571 819 732 846 cesare
763 807 854 846 hoc
888 806 1202 860 privilegium.

292 875 353 915 Et
384 889 552 916 revera
584 889 747 916 omnes
780 881 828 916 et
861 876 1070 930 singulas
1097 876 1291 918 istarum
1316 889 1557 916 causarum

234 950 434 998 propter
475 945 879 998 impertinenciam
922 947 981 986 ad
1032 951 1255 1000 papatum
1302 951 1375 985 est
1416 950 1556 998 turpe

181 1029 219 1049 10
234 1015 431 1068 fingere,
471 1016 557 1055 sed
595 1015 916 1068 turpissimum
955 1017 1082 1069 quod
1119 1030 1243 1070 papa
1281 1015 1444 1068 aliquis
1477 1015 1554 1055 im-

234 1090 390 1138 petrat
434 1084 735 1139 privilegium
779 1085 893 1125 illud
938 1087 1206 1126 concedere
1250 1086 1326 1124 vel
1365 1085 1555 1136 donare,

235 1168 371 1208 quarn
414 1159 579 1207 potest
623 1155 903 1205 concedere,
948 1157 1075 1209 quod
1121 1157 1258 1196 datus
1298 1154 1556 1208 episcopus

233 1223 364 1263 vivat
409 1223 596 1265 Christo
642 1224 848 1273 similius.
902 1223 998 1265 Sed
1048 1225 1170 1266 sicut
1222 1224 1436 1277 sophista
1479 1224 1557 1264 vel

233 1292 469 1334 maniacus
503 1293 723 1333 concedit
760 1294 888 1347 quod
932 1294 1066 1335 Deus
1097 1298 1267 1347 regnat
1296 1293 1343 1333 in
1377 1293 1557 1346 angelis

181 1367 217 1399 15
235 1368 281 1402 et
310 1368 468 1403 tamen
504 1376 599 1403 non
638 1363 851 1416 sequitur
889 1369 1091 1417 propter
1122 1377 1256 1403 suum
1292 1363 1556 1404 concedere

234 1432 335 1473 sive
376 1432 623 1486 imperium
661 1434 769 1486 plus
808 1434 885 1473 vel
922 1433 1085 1484 minus,
1137 1433 1201 1473 ita
1240 1439 1313 1474 est
1347 1433 1405 1472 de
1446 1446 1556 1473 con-

235 1502 448 1543 cessione
486 1501 722 1556 privilegii
759 1517 884 1556 pape
918 1504 994 1543 vel
1034 1503 1219 1551 cesaris,
1258 1508 1310 1542 ut
1344 1502 1448 1556 quis
1488 1516 1557 1543 se-

235 1577 402 1625 quatur
447 1571 682 1612 Christum
728 1572 920 1613 similius
968 1572 1017 1613 in
1060 1573 1248 1613 virtute.
1312 1571 1410 1613 Sed
1454 1586 1557 1612 cum

233 1642 368 1682 locus
391 1641 452 1682 sit
464 1641 571 1681 huic
589 1641 806 1694 dignitati
828 1642 1153 1695 impertinens,
1171 1647 1366 1695 oportet
1386 1655 1557 1695 rogare

179 1725 221 1746 20
235 1711 487 1751 trinitatem
522 1711 755 1759 obnixius,
780 1712 1032 1766 implorare
1058 1712 1330 1765 suffragium
1355 1712 1557 1752 ecclesie

235 1780 481 1835 utriusque
532 1781 749 1822 humilius
803 1787 849 1822 et
902 1783 1145 1822 attendere
1192 1783 1367 1822 devote
1418 1781 1558 1821 bonis

236 1850 476 1903 operibus,
510 1856 561 1891 ut
581 1851 716 1891 Deus
753 1852 898 1906 eligat
930 1865 1069 1904 quem
1092 1851 1309 1902 voluerit,
1335 1857 1382 1891 et
1404 1856 1554 1892 osten-

236 1921 315 1959 dat
342 1920 347 1970 ῐ
377 1919 577 1960 oraculis
600 1921 678 1960 vel
711 1921 887 1961 sanctis
910 1921 1150 1974 operibus,
1184 1935 1276 1974 que
1298 1920 1559 1973 precedant

236 1989 523 2030 eleccionem
566 1990 824 2041 humanam,
874 1990 982 2044 quia
1027 1990 1203 2030 eleccio
1249 1991 1448 2030 humana
1487 1995 1560 2029 est

180 2058 336 2099 25istis
378 2058 701 2112 impertinens.
756 2059 981 2100 Concedo
1026 2059 1170 2113 igitur
1221 2073 1323 2099 cum
1369 2059 1558 2099 domino

233 2127 531 2168 Ardmacano
569 2128 810 2169 historiam
849 2130 907 2169 de
944 2130 1088 2169 beato
1128 2129 1273 2168 Petro
1319 2129 1558 2182 quomodo

235 2197 403 2237 timore
437 2197 609 2238 cesaris
641 2198 896 2251 proposuit
927 2199 1015 2239 sub
1050 2199 1209 2239 colore
1243 2197 1413 2239 Christi
1453 2211 1558 2237 con-

236 2267 325 2307 silii
377 2280 401 2306 a
449 2267 607 2307 Roma
657 2268 898 2322 aufugere,
957 2273 1004 2307 et
1056 2268 1292 2321 quomodo
1347 2267 1560 2307 obvianti

237 2336 421 2377 Christo
464 2337 509 2376 in
554 2343 693 2390 porta
737 2337 941 2378 civitatis
987 2343 1035 2378 et
1067 2337 1301 2391 querenti:
1351 2337 1558 2385 Domine,

180 2415 220 2446 30
235 2418 318 2458 quo
350 2408 494 2459 vadis,
533 2420 815 2460 responsum
856 2413 928 2447 est
980 2408 1037 2446 ab
1092 2420 1148 2447 eo
1183 2408 1308 2446 venio
1360 2406 1559 2446 Romam

234 2478 401 2517 iterum
433 2478 652 2529 crucifigi.
686 2477 778 2516 Per
800 2478 928 2530 quod
950 2478 1122 2517 Petrus
1156 2482 1419 2530 expectans
1454 2488 1558 2515 con-

236 2546 375 2599 cepit,
410 2549 538 2600 quod
561 2545 776 2586 dominus
801 2545 1149 2600 crucifigendus
1171 2545 1259 2585 fuit
1279 2545 1346 2587 ibi
1366 2545 1413 2585 in
1440 2544 1559 2597 ipso.

234 2617 344 2670 quia
385 2616 521 2656 iuxta
562 2621 738 2656 rectam
771 2616 974 2668 logicam
1009 2615 1180 2656 Christi
1212 2615 1376 2655 Matth.
1409 2614 1561 2654 XXV

117 1923 197 1956 205d

304 2741 332 2770 3.
354 2742 432 2769 Ain
461 2749 576 2775 marg:
606 2740 691 2776 Papa
716 2741 1089 2776 constantinopnlitatum.
1168 2740 1193 2767 5.
1221 2741 1250 2767 A
1275 2740 1306 2767 in
1334 2747 1449 2773 marg:
1475 2739 1561 2774 Papa

234 2787 402 2815 Romanus.
481 2787 525 2815 15.
546 2796 651 2814 suum:
672 2788 731 2815 Hic
751 2789 868 2823 aliquot
888 2788 981 2815 verba
1002 2788 1124 2815 desunt.
1211 2795 1247 2814 20
1281 2786 1398 2815 Codd.:
1421 2786 1561 2813 obnixus.

235 2836 285 2863 25.
326 2835 375 2862 AB
395 2836 427 2862 in
448 2843 561 2869 marg.:
584 2835 673 2870 Fuga
692 2834 779 2862 Petri
795 2836 834 2862 de
851 2835 958 2863 Roma.

308 2908 360 2940 33.
388 2905 508 2938 Matth.
534 2907 639 2950 XXV⁷
669 2908 711 2947 34
737 2917 836 2949 seqq.

1356 2962 1417 2994 12*

1770 290 1846 328 Ι79

1630 889 1677 916 All
1699 889 1785 916 these

1616 924 1725 951 claims
1746 932 1798 951 are

1623 959 1807 993 groundless

1605 994 1665 1021 aud
1687 1002 1810 1029 wrong3

1581 1029 1632 1056 the
1652 1034 1748 1056 worst
1768 1029 1793 1055 is
1814 1037 1831 1055 a

1633 1063 1779 1098 privilege

1601 1099 1716 1133 begged
1739 1099 1819 1125 from

1587 1134 1638 1161 the
1659 1133 1821 1168 Emperor.
