2078 3338
235 268 324 296 (ΑΡ.
340 259 395 317 v.]
627 274 686 304 DE
713 272 994 305 POTEsTATE
1022 273 1151 304 PAPE.

233 376 558 430 philosophari
602 390 738 430 quam
784 376 930 429 ditari,
975 378 1061 418 sed
1099 391 1235 431 quam
1267 379 1442 418 bonum
1476 385 1549 419 est

232 446 557 500 philosophari
599 451 691 487 tam
735 447 912 486 bonum
956 452 1030 486 est
1079 460 1231 487 amare
1264 447 1548 500 sapienciam

118 517 195 550 181⁰l
232 515 528 562 incarnatam,
556 515 701 571 igitur
721 515 886 556 melius
910 521 983 556 est
998 514 1001 571 1
1017 515 1168 569 ipsam
1191 516 1388 572 diligere
1411 531 1548 571 quam

235 584 383 626 ditari.
435 583 533 626 Sed
577 585 635 625 de
679 590 852 638 quanto
897 585 1175 625 christianus
1208 585 1362 639 diligit
1391 587 1547 640 legem

200 658 424 695 5suorum
456 654 755 694 consiliorum
788 654 1030 708 sequendo
1061 654 1216 708 ipsum
1246 655 1293 695 in
1324 655 1547 708 moribus,

233 724 291 764 de
323 729 453 764 tanto
479 724 629 777 diligit
648 724 817 777 ipsum,
847 723 993 778 igitur
1013 725 1103 765 hoc
1127 731 1200 765 est
1221 725 1386 766 melius
1410 740 1546 779 quam

232 793 381 847 ditari,
405 807 509 834 cum
524 798 617 834 stat
637 793 870 835 hominem
888 807 994 835 esse
1016 800 1215 847 peccato
1238 794 1545 836 miserrimum

232 877 335 903 cum
379 863 722 916 quantumlibet
773 863 934 904 mundi
976 864 1134 905 multis
1179 863 1373 905 diviciis.
1426 864 1543 905 Ideo

231 933 300 985 (ut
332 945 447 985 sepe
480 931 593 986 dixi)
632 939 892 986 paupertas
932 933 1206 988 evangelica
1242 947 1336 975 non
1375 939 1467 974 stat
1498 934 1542 975 in

176 1017 214 1037 10
229 1015 324 1042 non
354 1003 531 1042 habere
563 1003 856 1056 temporalia,
897 1003 984 1044 sed
1014 1002 1061 1043 in
1093 1003 1336 1044 moderate
1368 1004 1542 1044 habere

229 1071 386 1125 quoad
428 1071 619 1111 modum
661 1072 868 1113 habendi
914 1078 962 1113 et
998 1072 1345 1113 multitudinem
1396 1073 1544 1114 habiti

226 1146 427 1194 propter
451 1154 654 1182 amorem
678 1141 861 1195 Christi,
896 1142 936 1182 si
967 1142 1095 1195 quod
1117 1148 1542 1196 quantumcumque

226 1210 503 1263 temporalia
544 1210 750 1251 iuverint
794 1211 851 1251 ad
894 1211 1161 1252 faciendum
1195 1224 1316 1264 opus
1348 1211 1542 1252 viatoris

227 1279 381 1330 officii,
414 1285 593 1320 tantum
625 1280 812 1333 precise
834 1282 968 1321 Deus
989 1281 1093 1321 vult
1114 1285 1166 1321 ut
1186 1281 1371 1323 habeat.
1401 1281 1542 1322 Unde

174 1353 331 1390 150um
372 1348 421 1389 in
464 1355 589 1390 statu
619 1349 898 1391 innocencie
931 1356 978 1391 et
1009 1355 1137 1391 statu
1170 1350 1321 1403 patrie
1354 1351 1543 1391 deficiet

226 1418 330 1460 talis
364 1418 577 1471 civilitas,
610 1419 798 1460 videtur
842 1421 971 1474 quod
1001 1420 1106 1473 ipsa
1138 1420 1262 1473 sapit
1295 1420 1539 1474 imperfec-

226 1488 410 1529 cionem
455 1494 503 1529 et
535 1494 609 1529 est
652 1489 807 1530 officio
843 1489 955 1530 cleri
987 1489 1245 1537 dissonum;
1290 1503 1379 1530 nec
1418 1490 1540 1531 enim

225 1564 298 1599 est
329 1558 647 1599 necessarium
679 1559 737 1598 ad
767 1559 1140 1600 humiliacionem
1176 1572 1265 1599 nec
1303 1559 1539 1613 evangeli-

224 1627 460 1668 sacionem
491 1641 580 1668 nec
611 1628 745 1669 aliam
769 1629 1110 1670 sacerdotalem
1132 1629 1539 1680 ministracionem,

168 1711 209 1733 20
225 1698 311 1738 sed
354 1698 412 1738 ad
461 1697 560 1738 vite
618 1698 1015 1739 ministracionem
1080 1699 1138 1739 ad
1195 1713 1331 1752 quam
1388 1712 1539 1752 pauca

224 1781 287 1807 ex
338 1767 654 1820 promissione
705 1768 799 1808 Dei
859 1767 1110 1809 sufficiunt.
1172 1768 1287 1809 Ideo
1348 1769 1538 1822 sapiens

221 1837 454 1877 Proverb.
505 1836 673 1884 XXX,
728 1840 751 1877 8
807 1837 931 1891 petit
981 1851 1006 1878 a
1055 1837 1282 1879 Domino:
1332 1838 1539 1880 Divicias

220 1910 260 1948 et
314 1907 650 1948 mendicitatem
704 1919 759 1948 ue
804 1907 985 1949 dederis
1034 1908 1183 1961 michi,
1232 1909 1313 1949 sed
1359 1911 1538 1949 tantum

222 1977 358 2017 vicini
389 1990 487 2017 meo
512 1977 652 2030 prebe
682 1978 954 2018 wecessaria.
999 1977 1363 2018 Consideremus
1395 1978 1538 2032 igitur

164 2052 203 2083 25
223 2046 524 2099 equalitatem
566 2046 764 2093 iusticie,
810 2046 850 2087 si
901 2046 1072 2100 aliquid
1115 2048 1340 2088 habemus
1373 2053 1537 2101 preter

219 2115 536 2156 necessarium
577 2117 634 2156 ad
686 2121 899 2156 nostrum
952 2116 1171 2171 officium,
1245 2122 1294 2157 et
1342 2117 1535 2158 indubie

219 2185 481 2225 senciemus
533 2186 664 2239 quod
713 2185 962 2239 superfluit
1016 2186 1154 2226 nobis
1206 2186 1536 2240 quodcumque

221 2254 357 2298 civile
432 2254 698 2307 dominium,
774 2268 877 2295 cum
945 2255 1077 2295 multi
1147 2256 1306 2296 clerici
1371 2255 1535 2297 vivunt

220 2324 470 2377 operosius
515 2324 615 2364 sine
659 2324 756 2375 tali3
802 2338 945 2377 quare
988 2325 1134 2378 igitur
1176 2338 1272 2365 non
1322 2338 1409 2366 nos
1455 2326 1534 2379 qui

162 2399 204 2431 30
220 2395 446 2434 debemus
479 2393 599 2434 scire
632 2394 758 2447 quod
787 2394 881 2434 Dei
909 2394 1032 2434 filius
1070 2395 1292 2435 naturalis
1324 2395 1455 2436 venit
1485 2395 1532 2436 in

217 2464 439 2507 mundum
472 2465 533 2503 ob
555 2477 760 2503 amorem
781 2470 993 2504 nostrum
1013 2464 1061 2504 in
1084 2464 1313 2505 artissima
1333 2478 1530 2518 pauper-

217 2537 327 2583 tate,
361 2537 408 2572 et
438 2533 530 2573 hoc
562 2533 621 2572 ad
653 2533 1015 2586 exemplandum
1036 2533 1175 2574 nobis
1200 2533 1259 2574 de
1282 2539 1411 2574 sorte
1435 2547 1529 2584 sua,

218 2607 269 2641 ut
301 2603 362 2642 ob
396 2601 496 2642 eius
529 2615 734 2642 amorem
768 2616 820 2642 ac
853 2608 1065 2643 nostrum
1101 2603 1376 2644 immensum
1410 2617 1529 2644 com--

216 2671 406 2711 modum
450 2685 786 2712 conversemur
830 2672 1144 2712 conformiter.
1192 2672 1295 2713 Nec
1339 2673 1529 2713 dubium

103 2744 180 2776 182⁵
217 2740 326 2794 quin
370 2740 437 2781 sic
479 2741 868 2795 multiplicaretur
918 2742 1072 2782 clerus
1116 2748 1167 2782 ut
1210 2742 1350 2795 olym,
1386 2742 1390 2797 Ι
1426 2756 1529 2783 cum

284 2911 314 2937 4.
336 2901 423 2931 Codd
446 2911 452 2932 ;
474 2901 585 2931 ditare.
659 2901 687 2931 8,
709 2901 731 2930 B
751 2902 782 2932 in
800 2910 913 2939 marg.:
934 2902 1108 2941 Paupertas
1127 2903 1309 2941 evangelica
1328 2904 1358 2933 in
1379 2911 1439 2941 quo
1457 2907 1526 2933 stat.

1595 885 1789 919 Evangelical

1587 926 1716 957 poverty
1736 922 1812 949 does

1601 960 1653 983 not
1673 961 1792 984 Conslst

1576 991 1606 1018 in
1628 991 1742 1026 having
1762 1000 1802 1019 no

1570 1027 1692 1059 wealth,
1715 1027 1767 1054 but
1785 1027 1816 1055 in

1588 1062 1637 1088 the
1658 1061 1748 1097 spirit
1768 1062 1798 1089 in

1576 1096 1678 1124 which
1698 1098 1809 1125 wealth

1627 1131 1654 1159 is
1675 1132 1756 1161 held.

1562 2058 1626 2086 For·
1644 2068 1702 2087 our
1722 2061 1808 2088 work

1568 2101 1601 2121 as
1623 2094 1735 2128 priests
1758 2104 1801 2122 we

1568 2129 1645 2156 need
1667 2138 1706 2156 no
1726 2130 1795 2157 civil

1597 2164 1770 2192 dominion.
