2078 3338
291 266 311 303 3
322 265 374 303 70
1024 265 1248 298 JOHANNIS
1275 265 1458 296 WVCLIF
1693 253 1801 309 [cmv.
1828 264 1891 292 ΧΠ,

579 375 713 422 patet
744 370 906 411 XCVI
953 369 1260 411 distinccione
1298 369 1630 421 Constantinus,
1673 384 1769 410 non
1812 385 1892 411 vo-

304 446 375 474 Itis
397 447 543 475 madness
579 452 734 479 camus
767 440 1030 493 privilegia,
1065 440 1152 480 sed
1186 439 1503 489 deliramenta,
1551 445 1608 492 et,
1641 445 1692 480 ut
1725 440 1892 494 Cryso-

294 483 549 544 1032531311201„
576 514 756 549 stomus
818 509 1027 561 loquitur
1091 522 1236 562 super
1300 508 1548 562 epistolam
1600 510 1659 549 ad
1715 509 1893 563 Thym„

320 557 521 622 syniissiissed.
573 578 917 620 racionabiliter
950 578 1216 620 deridenda.
1270 577 1321 619 Si
1354 578 1476 618 enim
1508 578 1698 619 videres
1731 593 1891 620 senem

573 647 833 700 puerilibus
850 648 1139 689 ornamentis
1160 648 1373 688 indutum
1388 661 1483 688 non
1506 649 1663 701 gracia
1684 649 1889 699 ludendi,
1907 651 1923 682 5

572 718 657 757 sed
688 718 896 757 maniace
928 718 1195 758 necessaria
1225 717 1442 771 regimini
1474 718 1544 758 sui
1580 719 1789 772 corporis
1821 732 1889 759 re-

570 788 857 840 pudiantem,
902 801 1059 828 nonne
1106 788 1364 828 deridendo
1411 788 1593 828 diceres
1624 788 1889 829 huiusmodi

568 856 799 897 insanire?
832 857 984 897 Multo
1017 857 1167 910 inagis
1190 857 1431 911 presbiter
1452 858 1530 898 vel
1552 859 1776 911 prelatus,
1809 858 1888 911 qui

568 928 890 980 preponderat
922 927 1057 981 signa
1088 926 1233 982 muta}
1254 933 1301 968 et
1332 927 1519 981 putrida
1552 933 1658 968 ante
1686 928 1887 969 virtutes
1927 928 2007 962 253²

569 996 776 1049 signatas
809 1002 882 1038 est
913 1003 964 1037 ut
994 997 1233 1037 maniacus
1267 997 1566 1048 deridendus,
1613 1003 1661 1038 et
1697 1011 1787 1051 per
1818 1004 1885 1038 tu·
1906 1008 1944 1029 10

567 1072 716 1107 torem
749 1072 987 1120 tamquam
1019 1068 1289 1121 decrepitus
1316 1067 1555 1108 insaniens
1587 1068 1885 1121 regulanduS.

566 1135 681 1176 Ideo
727 1151 923 1178 necesse
971 1143 1044 1178 est
1086 1150 1229 1190 reges
1276 1143 1324 1177 et
1365 1137 1605 1191 principes
1656 1138 1884 1177 honorem

564 1207 933 1259 melancolicum,
950 1213 1001 1247 ut
1021 1212 1138 1261 puta
1153 1206 1337 1260 copiam
1354 1206 1678 1260 temporalium
1694 1220 1883 1247 suorum

564 1276 856 1328 subtrahere,
906 1277 1012 1330 quia
1054 1277 1131 1317 ille
1163 1276 1276 1317 facit
1308 1290 1470 1316 omnes
1508 1277 1625 1317 tales
1657 1277 1880 1330 prelatos,

563 1346 682 1385 ultra
712 1347 801 1386 hoc
836 1348 964 1400 quod
997 1351 1257 1400 sapuerunt
1296 1346 1501 1400 apostoli
1533 1347 1610 1387 vel
1646 1346 1882 1400 primitiva
1902 1346 1938 1377 15

327 1410 380 1436 ¹⁴³1
401 1418 436 1437 ¹¹³
458 1411 493 1437 ¹³⁸
563 1416 763 1456 ecclesia
805 1417 1022 1457 insanire.
1077 1416 1416 1457 Contentemur
1445 1416 1590 1470 igitur
1627 1417 1686 1456 de
1717 1416 1880 1469 paucis

306 1449 429 1471 content
450 1447 521 1473 uim

271 1480 321 1505 ¹¹¹⁶
343 1481 415 1506 '⁴1³⁵'
436 1480 535 1508 which
559 1484 725 1525 ritibus
751 1499 869 1539 quos
893 1500 953 1526 ex
974 1486 1187 1526 doctrina
1203 1485 1374 1526 Christi
1395 1491 1641 1526 servarunt
1660 1486 1878 1539 apostoli,

306 1516 352 1539 vhe
374 1523 388 1540 a
416 1516 509 1542 ostles

297 1522 519 1611 ¹²³¹'C”,ssf},s¹,¹j<'¹¹³
561 1560 608 1594 et
640 1555 828 1596 omnino
861 1557 1064 1597 honeste
1098 1555 1431 1609 superadditos
1454 1568 1569 1595 vere
1594 1563 1641 1595 et
1662 1556 1878 1596 modeste

559 1638 653 1664 non
692 1626 1102 1678 preponderanter
1139 1626 1216 1665 vel
1255 1625 1520 1679 ypocritice
1559 1627 1878 1666 observemus.

559 1692 726 1734 Omnia
765 1694 886 1734 enim
918 1695 1027 1735 talia
1058 1708 1153 1734 non
1193 1695 1457 1748 expediunt
1487 1695 1564 1735 vel
1598 1700 1705 1735 sunt
1737 1694 1877 1745 licita,
1893 1701 1935 1725 20

557 1763 646 1803 nisi
692 1765 749 1803 de
794 1770 969 1818 quanto
1014 1764 1177 1805 iuvant
1210 1766 1266 1804 ad
1306 1764 1661 1805 observanciam
1693 1765 1875 1804 manda-

555 1839 717 1873 torum.
739 1833 878 1873 Unde
901 1834 1091 1875 videtur
1114 1834 1372 1874 adulterina
1393 1833 1723 1887 degeneracio,
1747 1834 1874 1887 quod

555 1904 769 1944 mandata
814 1903 907 1944 Dei
959 1904 1092 1957 quasi
1134 1910 1301 1945 neutra
1342 1904 1635 1957 respicimus,
1689 1909 1735 1943 et
1771 1917 1872 1943 cum

555 1972 892 2013 tradicionibus
935 1974 1173 2014 hominum
1228 1987 1386 2014 sumus
1438 1973 1750 2015 insolubiliter
1796 1974 1872 2012 de-

282 2050 520 2112 Rffi-i'tiidi-li‘ffss'm
555 2042 779 2094 sponsati.
811 2042 1004 2082 Domini
1034 2042 1192 2096 igitur,
1226 2056 1423 2096 quorum
1455 2043 1593 2083 bonis
1625 2042 1870 2092 abutimur,
1889 2047 1927 2079 25

292 2120 508 2182 ωὲῖᾙῖἒέᾞς
555 2112 732 2151 debent
765 2125 848 2151 sua
880 2113 1170 2162 subtrahere,
1202 2126 1262 2151 ne
1296 2126 1356 2152 ex
1391 2112 1528 2152 alieni
1558 2112 1744 2165 peccati
1766 2125 1869 2165 par-

305 2190 354 2215 1110
375 2186 487 2225 clm-gf.
553 2181 713 2234 ticipio
757 2182 1066 2234 maculentur;
1111 2195 1197 2222 nec
1242 2185 1382 2224 obest
1412 2182 1520 2222 huic
1556 2183 1640 2222 sed
1672 2183 1871 2235 prodest

554 2251 682 2302 quod
726 2251 1020 2305 principibus
1064 2251 1308 2292 limitatum
1354 2257 1427 2292 est
1459 2266 1486 2291 a
1516 2251 1624 2291 Deo
1665 2251 1869 2291 officium

551 2321 609 2359 ad
640 2321 859 2361 tuendam
893 2321 1151 2372 ecclesiam,
1192 2327 1243 2361 ut
1273 2327 1406 2374 patet
1435 2321 1483 2361 in
1516 2322 1708 2361 decreto
1741 2321 1869 2363 beati

551 2390 742 2430 Ysidori
786 2391 835 2431 in
880 2392 938 2431 de
983 2405 1162 2432 summo
1205 2394 1333 2432 bono
1377 2392 1498 2433 libro
1544 2391 1628 2433 ΠΙ.
1688 2391 1749 2431 Et
1792 2390 1865 2431 hic
1883 2393 1925 2426 30

548 2466 713 2501 notant
743 2462 874 2501 multi
907 2462 1031 2515 quod
1065 2461 1176 2503 dicit
1200 2462 1257 2502 ad
1278 2463 1518 2512 tuendum,
1549 2474 1643 2501 non
1666 2460 1865 2514 spolian-

548 2529 655 2569 dum
690 2530 948 2571 ecclesiam.

615 2678 665 2706 30.
687 2679 787 2706 Codd.
814 2679 843 2706 in
873 2687 987 2713 marga
1010 2677 1145 2715 Auferre
1164 2679 1349 2714 temporalia
1371 2686 1390 2706 a
1412 2679 1494 2706 clero
1514 2678 1721 2714 delinquente.

622 2773 646 2794 1.
674 2763 756 2805 Cap.
791 2763 878 2795 XIV.
978 2764 1007 2796 3.
1041 2762 1316 2806 Chrysostomus
1347 2763 1369 2794 l.
1405 2773 1432 2794 c.
1531 2763 1583 2796 30.
1615 2763 1750 2794 Det-reti
1785 2763 1858 2795 Sec.

546 2821 640 2860 Pars,
669 2822 780 2853 Causa
807 2822 929 2862 XXIII,
959 2822 1099 2861 Quaest.
1128 2823 1166 2862 V,
1199 2832 1272 2864 cap.
1301 2823 1373 2862 XX,
1407 2832 1446 2853 ex
1479 2822 1603 2853 Isidori
1636 2822 1685 2853 De
1713 2822 1859 2853 Summo

545 2880 638 2911 bono
666 2881 718 2921 III,
747 2891 819 2923 cap.
848 2881 931 2913 LIII.
