2078 3338
951 275 1177 307 JOHANNIS
1203 275 1388 307 WYCLIF
1685 264 1792 322 [CAP.
1813 275 1835 301 1.

520 378 588 419 sic
621 384 694 419 est
727 378 985 420 communis
1018 380 1075 419 ad
1099 392 1284 419 omnem
1308 379 1508 420 activam
1529 385 1836 433 potestatem;

519 463 611 502 quo
643 450 785 489 modo
817 449 1007 489 videtur
1039 449 1320 503 scripturam
1350 449 1482 503 loqui
1512 450 1835 504 Apocalypsis

519 518 607 568 IX,
640 532 664 570 3
711 518 917 559 dicente:
969 518 1099 571 Quod
1141 520 1253 560 data
1297 523 1360 560 est
1401 522 1599 571 potestas
1640 521 1836 571 locustis,

517 590 633 629 sicut
673 589 833 630 habent
869 592 1137 641 potestatem
1169 590 1430 641 scorpiones
1466 592 1607 638 ἴηνα
1647 589 1836 629 racione

520 657 652 698 cuius
696 658 951 711 potestatis
995 663 1128 699 tenet
1175 658 1390 698 dominus
1429 659 1752 699 Ardmacanus
1790 658 1869 700 115

519 728 578 767 de
623 728 953 781 questionibus
985 728 1314 779 Armenorum,
1360 727 1562 781 capitulo
1597 728 1678 781 IV,
1710 729 1838 781 quod

512 801 714 850 potestas
750 802 813 839 est
850 799 1071 839 extensior
1106 810 1246 850 quam
1283 801 1448 838 nature
1479 799 1735 840 racionalis
1757 813 1837 853 po-

299 879 436 907 Various
519 868 675 909 tencia.
728 866 827 909 Sed
871 868 982 921 quia
1022 868 1155 908 iuxta
1192 867 1503 908 Aristotelem
1541 868 1640 921 (ubi
1677 870 1837 923 supra)

272 922 470 985 affigffligio
519 943 736 990 potestas
770 937 1081 991 equivocatur
1109 939 1168 978 ad
1190 943 1405 991 quatuor,
1438 938 1619 978 scilicet
1645 952 1838 991 genera-

273 984 462 1047 bffiiffgngy
518 1007 629 1048 liter
660 1008 716 1048 ad
750 1007 948 1048 activam
979 1007 1253 1061 potenciam
1289 1007 1379 1047 iam
1411 1007 1707 1061 descriptam,
1747 1022 1839 1062 que
1860 1025 1898 1046 ιο

521 1082 595 1117 est
625 1076 698 1116 vis
730 1077 1072 1118 transmutandi
1109 1076 1285 1130 aliquid
1315 1082 1446 1117 motu
1483 1078 1679 1131 proprie
1712 1078 1839 1119 dicto

520 1147 599 1187 vel
631 1146 895 1188 mutacione
919 1146 1263 1200 quantumlibet
1295 1147 1562 1199 extensiva3
1596 1154 1644 1188 et
1676 1147 1743 1188 sic
1767 1154 1841 1189 est

524 1216 592 1257 vis
635 1217 894 1271 generandi
939 1222 1080 1270 atque
1132 1216 1476 1269 corrumpendi.
1538 1217 1639 1258 Nec
1692 1218 1841 1258 solum

522 1286 692 1327 dicitur
721 1292 948 1340 respectu
971 1286 1187 1327 essencie
1211 1292 1346 1327 extra
1371 1291 1544 1339 potens
1567 1288 1652 1327 sed
1677 1289 1841 1328 eadem

522 1355 748 1409 essencia,
792 1357 840 1397 in
873 1362 1097 1410 quantum
1130 1356 1294 1406 activa,
1342 1356 1512 1397 dicitur
1548 1357 1724 1397 habere
1754 1371 1839 1411 po·
1861 1361 1897 1393 15

520 1426 723 1466 tenciam
761 1426 935 1479 agendi
969 1426 1091 1467 intra
1128 1439 1179 1466 se
1217 1426 1380 1479 ipsam,
1425 1426 1473 1466 in
1511 1432 1735 1479 quantum
1768 1433 1841 1468 est

520 1495 724 1549 passiva,
756 1497 835 1537 vel
855 1496 1046 1536 racione
1068 1496 1453 1549 indisposicionis
1484 1496 1729 1550 contrarie,
1764 1503 1842 1537 aut

519 1565 711 1606 racione
732 1565 1015 1607 terminandi
1037 1565 1398 1619 quomodolibet
1420 1563 1424 1620 Ι
1448 1565 1709 1606 faccionem
1735 1580 1841 1620 pro—
1884 1569 1963 1602 161‘1

520 1636 667 1689 priam
700 1641 751 1677 ut
781 1635 984 1690 passiva.
1036 1634 1115 1676 Sic
1160 1635 1282 1676 enim
1321 1640 1394 1676 est
1424 1640 1641 1688 potestas
1672 1636 1843 1676 rectifi-

523 1705 660 1746 candi
707 1719 758 1746 se
800 1706 848 1746 in
891 1705 1039 1759 virga,
1083 1710 1303 1759 potestas
1346 1705 1674 1758 frigefaciendi
1711 1718 1762 1746 se
1794 1706 1842 1746 in
1858 1720 1899 1741 20

522 1788 653 1829 aqua,
689 1781 736 1816 et
766 1781 982 1829 potestas
1003 1774 1300 1829 intelligendi
1333 1788 1384 1815 se
1414 1775 1462 1815 in
1495 1775 1661 1827 anima3
1696 1780 1743 1816 et
1774 1775 1842 1816 sic

523 1846 582 1886 de
614 1845 857 1889 similibus,

282 1911 405 1974 {2353}AE
420 1912 461 1974 {er
581 1915 805 1968 Quamvis
846 1922 1000 1957 autem
1037 1921 1395 1957 transmutatum
1431 1916 1479 1956 in
1515 1915 1619 1956 istis
1653 1929 1749 1956 non
1782 1916 1842 1957 sit

284 1982 459 2009 uncreated.
522 1986 645 2026 aliud
690 2000 828 2039 quam
870 1987 1026 2040 ipsum
1068 1992 1398 2036 transmutans,
1445 1991 1600 2026 tamen
1644 1987 1722 2026 vel
1769 1992 1843 2027 est

522 2057 732 2108 alterum,
765 2057 843 2096 vel
874 2062 926 2097 ut
956 2056 1210 2097 terminans
1242 2056 1512 2110 potenciam
1546 2061 1618 2096 est
1651 2056 1840 2097 alterius
1856 2058 1896 2090 25

520 2125 737 2167 racionis.
787 2126 848 2165 Et
892 2126 959 2166 sic
1002 2127 1314 2181 intelligendo
1359 2126 1630 2179 potenciam
1667 2131 1840 2179 patens

523 2200 596 2236 est
619 2195 719 2236 eius
753 2195 935 2249 divisio,
970 2209 1075 2236 cum
1098 2196 1253 2249 aliqua
1287 2196 1346 2236 sit
1366 2196 1584 2249 increata,
1619 2201 1666 2236 et
1689 2196 1842 2249 aliqua

520 2265 742 2318 potencia
774 2271 848 2307 est
880 2271 1047 2308 creata.
1082 2265 1298 2307 Increata
1329 2266 1552 2320 potencia
1582 2272 1746 2319 potest
1774 2266 1840 2306 in-

521 2336 673 2389 telligi
704 2336 968 2390 dupliciter,
1014 2337 1092 2376 vel
1135 2336 1452 2390 personaliter
1495 2341 1549 2376 ut
1584 2349 1672 2388 pro
1704 2340 1839 2388 patre

520 2406 567 2446 in
600 2406 784 2459 divinis,
832 2406 963 2447 cuius
997 2412 1150 2447 actum
1187 2406 1407 2447 terminat
1438 2405 1651 2446 Verbum
1692 2407 1897 2457 suum,30

522 2476 602 2530 qui
633 2490 729 2517 non
761 2482 834 2518 est
866 2477 990 2518 aliud
1022 2477 1108 2517 sed
1139 2477 1270 2529 alter,
1311 2481 1360 2516 et
1398 2476 1513 2516 alius
1546 2488 1683 2529 quam
1717 2475 1840 2516 dicta

520 2547 756 2600 potencia,
802 2547 910 2600 quia
951 2547 1141 2600 genitus
1187 2552 1235 2587 et
1279 2552 1513 2597 causatus;
1558 2546 1635 2585 vel
1682 2558 1837 2585 essen-

592 2707 641 2735 26.
663 2707 686 2734 B
707 2707 739 2734 in
759 2715 875 2743 marg:
898 2706 1018 2734 Divisio
1035 2706 1186 2742 potencie.
1262 2714 1311 2741 27,
1329 2705 1377 2733 28⁴
1400 2705 1437 2732 B:
1461 2708 1492 2732 et
1508 2704 1615 2740 aliqua
1631 2705 1779 2740 potencia
1794 2708 1841 2732 est

521 2756 627 2781 creata
648 2754 743 2781 deest.

593 2840 623 2872 3.
648 2839 690 2870 R.
716 2838 792 2870 Fitz
824 2837 949 2881 Ralph,
981 2838 1127 2869 Summa
1159 2838 1194 2868 in
1227 2837 1370 2876 Quaest.
1396 2838 1631 2868 Armenorum
1670 2834 1754 2867 mihi
1794 2835 1834 2866 ad

522 2908 666 2929 manum
693 2907 762 2928 non
789 2903 850 2928 est.
953 2895 1002 2928 16.
1030 2896 1245 2938 Aristoteles,
1273 2894 1425 2937 Metaph.
1442 2894 1532 2938 VIII,
1566 2904 1590 2934 1,
1620 2904 1648 2926 2.
