2078 3338
220 248 309 276 CAP.
336 239 404 295 m]
615 253 673 284 DE
700 252 981 284 PoTEsTATE
1008 253 1140 286 PAPE.

218 362 417 396 mortem
450 356 636 406 Christi,
682 357 804 398 sicut
848 357 1049 397 ecclesia
1094 371 1210 410 sepe
1255 358 1461 398 inculcat
1493 358 1540 398 in

218 427 421 467 servicio
475 427 611 467 huius
664 427 825 469 sancti.
885 427 947 466 Et
1000 428 1197 467 eandem
1250 427 1539 468 sentenciam

217 500 383 537 tenent
413 498 548 549 leges
581 497 794 550 ecclesie,
826 511 931 537 nam
963 497 1152 548 XXIV,
1187 512 1229 551 q.
1260 497 1281 537 I
1302 498 1540 551 Rogamus

216 566 468 607 Marcellus
491 580 616 621 papa
638 567 705 607 sic
727 567 954 620 loquitur:
987 567 1226 620 Rogamus
1251 582 1326 608 cos
1342 569 1539 620 fifiztifcs,

101 636 178 680 174¹³
219 640 264 676 lit
296 650 383 677 non
422 639 555 677 aliud
586 638 784 678 doceatis
812 635 816 693 Ι
844 650 984 690 quam
1022 639 1142 689 quod
1180 650 1209 677 α
1248 639 1372 678 Zieczto
1405 639 1537 678 Petro

217 710 255 746 et
298 719 328 746 cz
370 708 557 759 reliquis
601 705 817 760 apostolis
861 709 1107 760 accepistis,
1154 709 1249 760 ipse
1306 712 1368 749 est
1418 710 1539 749 enini

215 781 351 829 capnt
372 778 515 817 tocius
537 779 725 828 ecclesie,
754 779 828 817 cui
851 779 916 818 ait
937 777 1188 818 Dominus:
1214 778 1249 817 T
1246 791 1275 818 u
1299 791 1344 818 es
1365 768 1539 819 Peticus.

213 845 411 886 Etidem
432 852 566 899 patet
581 846 708 886 XXI
725 846 828 887 dist.
848 846 1066 900 capitulo.
1098 847 1152 887 In
1176 860 1304 899 novo,
1325 852 1373 887 et
1386 847 1539 887 XXII

216 915 319 956 dist.
344 915 566 969 capitulo.
591 915 758 957 Omnes
781 922 828 957 et
851 915 1168 958 sacrosancta.
1192 917 1325 966 Item,
1349 917 1538 970 XXIV,

159 997 197 1017 10
214 999 255 1038 q.
273 984 344 1025 III
359 984 429 1025 De
444 986 617 1026 illicita.
640 986 760 1026 Item
775 988 944 1026 beatus
960 986 1260 1040 Augustinus
1275 987 1321 1026 in
1337 988 1410 1027 De
1427 1000 1538 1039 que-

212 1054 445 1095 stionibus
474 1055 653 1096 veteris
678 1062 723 1096 et
754 1069 880 1096 nove
912 1056 1048 1109 legis,
1070 1056 1292 1096 LXXIX
1317 1056 1536 1109 capitulo,

213 1124 338 1175 dicit,
384 1126 513 1178 quod
556 1126 718 1166 Petrus
761 1129 860 1166 emt
899 1127 1084 1179 primus
1128 1127 1246 1166 inter
1296 1127 1535 1178 apostolos.

211 1193 329 1234 Ideo
363 1195 476 1235 dicit
510 1194 722 1235 Christus
762 1196 891 1248 quod
922 1196 1095 1235 Petrus
1146 1197 1336 1236 solveret
1368 1209 1457 1248 pro
1490 1209 1537 1235 se

211 1265 477 1318 didragma,
529 1265 695 1317 ipsum,
744 1264 896 1317 inquit
939 1265 1254 1317 Augustinus,
1307 1266 1536 1305 constituit

157 1339 194 1371 15
210 1338 347 1387 caput
379 1348 551 1384 eorum,
590 1338 639 1375 ut
663 1338 828 1387 pastor
861 1339 971 1375 esset
1002 1336 1161 1387 gregis
1197 1335 1430 1375 dominici.
1475 1335 1536 1375 Et

209 1403 334 1444 idem
367 1403 480 1444 dicit
513 1417 613 1456 cap.
644 1403 781 1454 finali,
828 1409 876 1444 et
918 1403 965 1443 in
999 1404 1161 1443 libello
1194 1404 1273 1443 Ad
1306 1403 1534 1456 Spiritum

211 1472 436 1514 Sanctum
460 1472 594 1513 dicit:
612 1474 734 1524 flere
754 1473 912 1525 fecisti
943 1477 1206 1526 apostatam
1239 1476 1278 1513 et
1305 1474 1535 1514 ordinasti

211 1545 257 1583 in
300 1556 539 1584 summum
576 1543 853 1596 pontificem.
912 1543 1015 1583 Nec
1060 1548 1310 1596 oporteret
1353 1548 1534 1583 tantum

207 1611 444 1652 immorari
486 1612 533 1652 in
580 1612 908 1652 declaracione
952 1612 1088 1653 istius
1134 1612 1392 1662 sentencie,
1444 1613 1535 1653 nisi

152 1698 193 1718 20
209 1681 350 1723 fuerit
371 1687 572 1735 propter
593 1682 698 1722 tria:
722 1682 874 1735 primo
903 1695 992 1735 pro
1018 1681 1342 1722 declaracione
1366 1683 1533 1722 autori-

207 1757 355 1792 tatum
387 1751 620 1805 scripture
653 1765 741 1805 per
773 1765 888 1805 quas
923 1751 1110 1805 questio
1140 1751 1230 1791 ista
1257 1751 1533 1803 ostenditur,

209 1822 420 1862 secundo
444 1827 495 1861 ut
519 1827 836 1874 cognoscatur
859 1834 1028 1862 sensus
1057 1821 1275 1870 ecclesie,
1309 1822 1369 1861 ad
1393 1835 1533 1874 quem

210 1891 430 1931 concedit
473 1892 668 1931 Petrum
710 1892 887 1932 habere
932 1905 1077 1944 super
1121 1891 1238 1931 alios
1284 1892 1531 1944 apostolos

207 1960 606 2013 preeminenciam
651 1961 906 2014 dignitatis,
955 1966 1003 2000 et
1034 1960 1184 2001 tercio
1220 1964 1273 2001 ut
1302 1960 1435 2000 Petri
1466 1960 1529 2001 vi-

152 2037 190 2068 25
209 2029 320 2070 carii
343 2036 638 2084 cognoscant
659 2031 867 2083 formam,
882 2031 1142 2071 secundum
1159 2044 1296 2083 quam
1313 2036 1530 2083 potestas

205 2099 338 2140 Petri
370 2106 443 2140 est
475 2100 532 2140 ad
563 2106 782 2154 pastores
816 2100 1038 2141 derivata.

266 2169 502 2222 Quantum
535 2170 592 2209 ad
624 2170 837 2223 primum,
879 2170 1156 2223 expeditum
1195 2175 1268 2210 est
1299 2170 1345 2210 in
1377 2176 1527 2223 parte,

207 2240 293 2279 sed
336 2253 423 2293 pro
469 2241 677 2280 secundo
728 2241 986 2281 notandum
1031 2240 1160 2293 quod
1203 2239 1329 2280 racio
1384 2254 1527 2293 quare

205 2309 378 2349 Petrus
425 2309 667 2350 ordinatus
699 2309 788 2350 fuit
820 2323 844 2349 a
877 2309 1063 2350 Christo
1102 2315 1214 2363 post
1249 2323 1352 2349 eum
1387 2316 1529 2363 caput

149 2387 192 2418 30
207 2379 409 2419 ecclesie
440 2379 529 2419 fuit
559 2379 911 2433 preeminencia
933 2379 1157 2420 virtutum
1181 2380 1238 2420 ad
1263 2380 1527 2433 regendum

275 2571 302 2598 ς).
325 2562 420 2590 eod:
451 2563 567 2590 Omnis.
677 2572 716 2591 11.
743 2563 881 2590 Rectius:
910 2571 977 2598 cap.
1006 2563 1120 2590 LXXi.
1227 2571 1275 2590 20.
1298 2562 1413 2590 Codd.:
1435 2570 1527 2597 prop-

205 2612 304 2637 terea.
381 2618 429 2645 27.
456 2610 510 2637 AB
540 2610 571 2637 in
599 2618 713 2645 marg:
735 2610 844 2637 Petrus
864 2613 957 2645 caput
977 2610 1104 2636 ecclesie
1123 2618 1221 2645 quare
1240 2610 1430 2637 nominatur.

276 2705 304 2736 3.
333 2705 415 2746 Cap.
441 2705 516 2736 XV.
613 2715 644 2747 ς).
673 2706 757 2746 Cap.
777 2704 814 2736 11.
844 2705 927 2746 Cap.
950 2704 1076 2736 Omnes
1094 2719 1136 2732 Ξ
1156 2704 1242 2736 Dist.
1262 2705 1363 2743 XXII,
1392 2706 1475 2746 Cap.
1498 2713 1525 2735 1.

206 2762 449 2799 sacrosancta,
478 2763 560 2804 Cap.
594 2763 633 2794 ΙΙ.
735 2774 783 2795 10.
811 2762 862 2795 De
893 2762 1025 2794 Illicita
1051 2778 1094 2789 =
1122 2763 1206 2804 Cap.
1230 2764 1286 2794 VI.
1319 2763 1404 2794 lbid.
1435 2764 1526 2804 Aug.

205 2820 298 2862 Opp.
324 2826 409 2853 tom.
436 2821 489 2861 ΙΙΙ,
515 2821 607 2863 App.
633 2832 666 2863 p.
694 2821 747 2863 75.
782 2821 834 2852 Cf.
867 2821 904 2852 In
935 2820 1013 2852 Joh.
1041 2818 1206 2862 Evangel.
1242 2821 1334 2862 Opp.
1360 2827 1444 2853 tom.
1471 2821 1523 2860 III⁷

206 2888 235 2920 2,
263 2887 341 2919 724.

1571 2177 1675 2204 (lm-ist
1696 2178 1788 2205 clwsc

1570 2212 1656 2239 Peter
1676 2216 1723 2240 lor
1745 2214 1790 2240 his

1563 2248 1666 2273 litucss
1689 2252 1717 2274 to
1740 2249 1802 2274 fulc

1578 2281 1626 2308 llic
1647 2282 1782 2309 Cllurcli.
