2078 3338
228 270 303 319 178

944 274 1169 306 JOHANNIS
1195 273 1381 305 WYCLIF
1616 263 1723 314 [CAP.
1743 271 1824 298 vm.

510 387 562 422 ut
586 381 832 434 specificat
862 380 1122 419 Decretum
1156 378 1318 418 XLVI
1357 378 1668 418 distinccione
1705 378 1825 420 Con-

509 453 745 493 stantinus.
787 450 901 489 Ideo
934 448 1221 502 superfluum
1256 453 1303 487 et
1334 449 1469 488 labor
1497 448 1673 489 inutilis
1704 449 1829 489 foret

508 523 690 577 fingere
723 521 976 573 mendacia,
1015 521 1142 574 quod
1175 520 1242 562 sic
1275 520 1488 574 oportuit
1520 535 1627 562 esse
1666 534 1727 561 ex
1757 534 1826 561 ra-

510 583 725 633 cionibus
759 592 815 631 ad
845 591 937 631 hoc
968 590 1248 643 urgentibus
1280 590 1357 630 vel
1395 590 1638 643 scriptura.
1688 591 1828 631 Unde

510 662 617 716 quia
653 661 743 703 ista
779 661 967 702 videtur
1003 660 1124 700 levis
1162 659 1380 700 fundacio
1419 665 1467 700 et
1499 660 1700 701 ecclesia
1730 659 1860 700 R0-5

509 745 643 772 mana
686 737 798 771 tunc
843 730 932 771 sibi
978 730 1145 770 cadere
1192 743 1216 769 a
1259 735 1448 782 papatu,
1498 735 1655 770 narrat
1704 730 1828 770 idem

219 800 287 828 The
308 800 387 834 sight
407 804 437 826 ¹0
459 800 494 826 be
511 800 775 843 Cestrensis
798 800 918 842 libro
936 800 983 839 V
1006 813 1104 852 cap.
1127 799 1189 851 X,
1213 800 1451 853 quomodo
1474 799 1744 852 Bom‘facius
1764 800 1837 840 IV

220 837 284 862 sole
306 843 387 870 pope
410 843 474 861 was

237 871 303 897 first
324 871 453 906 granted
511 871 773 923 impefrczvz‘t
805 883 834 909 a
855 869 974 910 Foccz
995 882 1159 918 cesare,
1193 876 1241 909 ut
1262 870 1446 910 ecclesia
1469 871 1586 910 beati
1600 869 1724 910 Petri
1744 870 1829 910 Ro-

221 908 259 943 by
278 908 328 934 the
343 907 496 941 Emperor

289 943 419 970 phocas,

250 1497 342 1525 Loca]
365 1498 473 1524 claims

256 1541 289 1559 as
309 1538 417 1566 strong
437 1533 467 1559 in

264 1567 351 1594 other
372 1567 456 1594 cities

255 1611 288 1629 as
309 1604 338 1629 in
360 1602 466 1630 Rome.

512 954 582 982 me
604 944 739 994 'capul
762 944 872 981 esset
894 941 1203 992 ecclesiarum,
1234 940 1342 992 qnia
1364 943 1501 993 caput
1522 941 1699 980 ecclesie
1718 938 1828 981 Con·

508 1011 909 1063 stantinopolz'tane
930 1022 977 1050 se
1007 1011 1191 1062 scripsit
1215 1022 1409 1063 papam.
1442 1008 1691 1061 Quotlibet
1711 1009 1829 1049 tales
1851 1025 1888 1048 10

510 1081 676 1121 fideles
701 1079 891 1120 cronice
916 1084 962 1118 et
993 1079 1184 1119 decreta
1205 1083 1441 1119 testantur
1461 1078 1710 1131 primatum
1732 1079 1830 1119 Ro-

510 1149 632 1190 mani
662 1148 902 1202 pontificis
923 1148 1070 1189 fuisse
1084 1147 1350 1188 humanitus
1375 1147 1690 1188 adinventum.
1712 1147 1830 1188 Nam

511 1220 549 1260 si
571 1233 700 1272 papa
712 1218 850 1258 fieret
871 1232 1021 1272 vagus
1037 1223 1087 1258 ut
1103 1217 1211 1258 olim
1234 1222 1281 1257 et
1301 1217 1414 1257 nulli
1429 1218 1535 1258 loco
1551 1217 1722 1258 affixus
1745 1218 1830 1259 sed

510 1289 557 1329 in
606 1288 719 1328 mari
763 1292 948 1327 mortuo
999 1287 1076 1327 vel
1122 1287 1327 1337 deserto,
1374 1292 1422 1327 et
1460 1287 1526 1328 sic
1564 1292 1677 1339 post
1725 1300 1830 1327 eum

512 1372 635 1411 papa
667 1357 918 1410 secundus,
954 1363 1002 1397 et
1023 1356 1090 1398 sic
1112 1357 1172 1397 ad
1202 1357 1342 1396 finem
1365 1356 1593 1398 viacionis
1617 1356 1830 1406 ecclesie,
1851 1365 1887 1396 15

512 1432 645 1480 patet
673 1427 801 1480 quod
830 1440 924 1466 non
955 1428 1176 1466 obstante
1205 1425 1298 1466 isto
1328 1439 1441 1465 vere
1474 1426 1600 1466 foret
1630 1440 1767 1479 papa.

569 1496 685 1536 Ideo
720 1500 915 1549 oportet
952 1496 1079 1549 quod
1114 1494 1266 1548 aliqua
1309 1495 1370 1535 sit
1400 1495 1526 1535 racio
1563 1508 1688 1548 pape
1722 1500 1830 1535 ante

511 1564 809 1605 notacionem
846 1564 941 1605 loci
976 1564 1112 1604 huius
1152 1564 1515 1618 qualiscumque.
1567 1564 1683 1604 Ideo
1716 1578 1832 1604 vere

511 1634 624 1675 dicit
657 1634 871 1675 dominus
904 1634 1228 1674 Ardmacanus
1258 1633 1262 1688 f
1289 1633 1410 1675 libro
1442 1633 1537 1674 VII
1575 1647 1672 1687 cap.
1704 1634 1833 1674 XXI
1873 1645 1952 1677 205⁰

509 1704 586 1744 De
620 1704 963 1756 Questionibus
998 1703 1329 1744 Armenorum:
1369 1703 1498 1756 Quod
1535 1704 1696 1744 Pelrus
1732 1705 1830 1744 ideo
1849 1722 1891 1745 20

510 1774 609 1825 fvit
652 1772 819 1815 Christi
860 1774 1076 1824 vicarius,
1120 1774 1228 1825 qnia
1270 1773 1371 1824 fuit
1415 1775 1501 1814 sibi
1543 1774 1745 1814 similior
1788 1775 1831 1813 in

509 1845 680 1884 virtute.
732 1844 794 1883 Et
830 1843 956 1884 foret
991 1842 1143 1884 inanis
1173 1842 1344 1883 ficticia
1376 1843 1513 1896 quod,
1547 1843 1830 1896 ubicumque

508 1912 651 1953 fuerit
688 1912 792 1954 talis
832 1913 1012 1953 electus
1049 1912 1262 1952 humanis
1299 1912 1481 1964 ritibus,
1525 1912 1833 1966 consequitur

510 1983 639 2036 quod
663 1983 723 2023 sit
744 1983 920 2031 Roma;
955 1995 1051 2022 non
1075 1982 1196 2022 enim
1222 1987 1295 2022 est
1315 1982 1453 2031 racio,
1487 1995 1631 2035 quare
1662 1982 1831 2035 pocius

507 2052 645 2092 fieret
674 2052 740 2092 ibi
774 2052 929 2092 Roma
967 2065 1103 2105 quam
1135 2051 1431 2101 Anthiochia,
1463 2051 1722 2102 Jerusalem
1754 2052 1831 2091 vel
1849 2062 1887 2095 25

510 2121 960 2174 Constantinopolis.
1017 2121 1157 2161 Tales
1211 2121 1332 2161 enim
1383 2121 1597 2161 locorum
1646 2121 1830 2161 illorum

507 2190 859 2244 metropolitani
912 2191 1133 2231 dixerunt
1185 2204 1237 2230 se
1290 2203 1395 2232 esse
1439 2202 1587 2244 papas
1632 2196 1832 2243 propter

509 2260 745 2314 disparem
783 2261 1045 2301 racionem:
1086 2261 1384 2310 Anthiochia,
1425 2260 1534 2313 quia
1569 2260 1635 2301 ibi
1672 2261 1831 2301 Vocati

507 2335 617 2370 sunt
647 2330 797 2382 primo
833 2330 1052 2383 discipuli
1085 2330 1335 2379 christiani,
1368 2335 1420 2370 ut
1450 2335 1584 2382 patet
1612 2329 1716 2370 Act.
1740 2329 1828 2381 XI,

507 2405 554 2439 et
596 2401 765 2452 beatus
811 2400 983 2439 Petrus
1033 2399 1100 2439 ibi
1149 2399 1328 2439 resedit
1371 2399 1628 2452 episcopus
1672 2399 1828 2439 multis
1845 2412 1888 2443 30

508 2468 648 2519 annis,
688 2474 734 2508 et
771 2469 920 2509 tercio
960 2468 1068 2522 quia
1104 2468 1234 2521 prius
1271 2468 1455 2521 recepit
1485 2468 1625 2508 fidem
1659 2467 1830 2508 Christi

507 2551 642 2590 quam
680 2537 847 2579 Roma.
909 2536 1180 2590 Episcopus
1226 2542 1380 2577 autem
1423 2536 1829 2588 Jerosolimitanus

577 2673 605 2702 3.
628 2681 712 2706 esse,·
732 2674 770 2700 B:
790 2682 832 2700 se.
907 2674 935 2701 6.
956 2676 1047 2705 tunc,·
1067 2673 1161 2700 adde:
1183 2673 1355 2701 videbatur.
1447 2682 1474 2709 7.
1498 2673 1618 2701 Codd.:
1642 2672 1715 2709 Cap.
1736 2673 1825 2701 LVII.

509 2718 551 2747 18.
573 2719 626 2746 ΑΒ
656 2719 687 2746 in
717 2727 831 2754 marg:
869 2719 1006 2747 Vicarz'us
1036 2719 1155 2747 Christi
1172 2728 1271 2754 quare
1291 2720 1406 2748 dicitur
1424 2719 1543 2747 Petrus.
1637 2727 1686 2747 22.
1710 2718 1827 2747 Codd.:

506 2766 635 2793 insanis.
728 2773 777 2801 27.
803 2765 919 2793 Codd.:
950 2766 1124 2800 metropoli.
1199 2765 1247 2793 28.
1278 2767 1305 2793 A
1334 2766 1365 2793 in
1397 2774 1511 2801 marg:
1539 2765 1624 2800 Papa
1651 2765 1827 2793 Antiochie.

507 2811 556 2839 32.
577 2813 606 2839 A
626 2812 656 2839 in
678 2820 793 2846 marg.:
822 2811 908 2846 Papa
928 2812 1209 2840 Jerosolz'mitanus.

575 2894 605 2927 6.
631 2894 846 2937 Polychron.
868 2896 908 2939 V,
935 2906 1012 2937 417.
