2078 3338
176 275 263 304 CAP.
288 266 355 323 XL]
571 279 629 310 DE
656 276 937 310 POTESTATE
964 276 1094 309 PAPE.

173 384 367 439 proprie
401 382 652 433 christiani,
691 387 743 423 ut
773 382 938 436 pulcre
972 382 1117 422 docet
1151 380 1488 435 Crysostomus

170 455 218 495 in
255 453 541 508 Imperfecto
577 452 758 494 Omelia
788 451 933 494 XIX:
979 450 1138 493 Solum
1183 450 1304 491 enim
1346 453 1487 493 conti-

172 528 335 566 nuatos
366 524 550 577 corpori
585 522 752 566 Christi
783 523 891 563 dicit
922 534 1014 563 esse
1049 518 1342 571 christiauos;
1386 535 1490 562 cum

171 595 330 648 itaque
370 593 522 634 omnia
568 606 658 646 que
706 591 929 632 evenient
968 591 1027 632 de
1059 590 1346 631 necessitate
1383 605 1489 632 eve-

139 664 313 715 5nient,
357 668 493 718 patet
537 663 665 716 quod
707 674 908 702 necesse
954 666 1028 702 est
1071 674 1176 702 esse
1212 662 1302 701 hos
1337 675 1489 702 sacer-

174 735 310 775 dotes
341 733 552 787 triplices
587 732 733 773 eciam
766 732 1040 772 sacerdotes
1071 732 1197 773 Baal.
1230 730 1328 773 Sed
1350 745 1489 785 quan-

171 810 268 845 tum
301 804 357 844 ad
387 804 619 844 intentum
664 802 940 843 conceditur
972 802 1102 855 quod
1134 802 1236 842 sine
1269 814 1488 855 quocum-

172 887 263 928 que
296 873 545 914 sacerdote
571 885 763 913 cesareo
799 871 1000 913 ecclesia
1022 877 1193 925 posset
1215 871 1343 912 viare
1365 870 1487 927 pro-l

51 952 132 998 239‘2
171 943 355 998 sperius
389 956 526 996 quam
558 956 682 982 nunc
709 942 818 983 viat.
852 941 968 982 Ideo
1000 955 1096 982 non
1130 942 1374 982 credamus
1408 941 1489 993 eis,

118 1013 252 1066 xoqui
281 1013 437 1053 iurant
480 1013 607 1065 quod
645 1012 735 1052 nisi
778 1012 868 1052 iste
902 1011 1160 1065 episcopus
1198 1011 1323 1052 foret
1353 1025 1489 1066 papa,

170 1082 382 1137 perirent
412 1082 564 1123 omnia
603 1081 925 1123 ecclesiastica
962 1086 1266 1133 sacramenta;
1311 1087 1491 1123 starent

171 1152 292 1193 enim
323 1152 488 1193 melius
522 1165 659 1206 quam
690 1153 846 1202 modo,
890 1152 1002 1192 licet
1032 1164 1128 1192 non
1165 1151 1291 1192 foret
1323 1151 1489 1205 aliquis

168 1236 293 1277 papa
337 1235 570 1273 cesareUS,
616 1236 720 1262 cum
763 1226 877 1276 post
921 1221 1044 1262 diem
1085 1220 1245 1262 iudicii
1282 1221 1491 1262 manebit

171 1306 342 1346 corpus
373 1292 556 1344 Christi⁷
590 1298 637 1333 et
669 1292 736 1333 sic
768 1297 1114 1333 sacramentum
1147 1297 1194 1333 et
1223 1304 1302 1332 res
1335 1305 1488 1333 sacra-

117 1363 325 1415 15menti,
358 1362 655 1404 cessantibus
690 1362 788 1404 aliis
822 1362 1036 1403 onerosis
1067 1362 1235 1403 ritibus
1260 1376 1364 1403 cum
1385 1362 1488 1403 istis

169 1433 401 1474 viancium
454 1432 770 1473 sacramentis.
835 1432 1069 1485 Quantum
1126 1433 1185 1473 ad
1236 1432 1489 1473 secundam

170 1503 506 1555 difficultatem,
541 1503 683 1543 credo
709 1503 838 1556 quod
869 1516 986 1556 sepe
1018 1507 1222 1556 peccant
1252 1507 1347 1543 tam
1370 1502 1489 1543 ordi-

168 1578 337 1614 nantes
383 1572 583 1613 clericos
628 1586 767 1626 quam
810 1572 904 1626 ipsi
949 1571 1117 1623 clerici,
1163 1585 1300 1626 quam
1343 1572 1489 1612 eciam

167 1644 443 1698 populares;
471 1643 551 1697 qui
574 1643 695 1683 enim
717 1643 895 1684 vadunt
927 1643 983 1683 ad
1017 1642 1189 1683 curiam
1210 1642 1487 1693 Romanam,

112 1720 220 1755 2out
251 1714 344 1754 sint
376 1713 593 1768 episcopi
625 1713 771 1754 eciam
801 1713 1117 1763 NullatenseS‚
1164 1714 1249 1753 sed
1280 1712 1487 1753 vivendo

167 1784 309 1824 vitam
332 1783 675 1837 suffraganeam
696 1782 869 1836 prelati
892 1782 1087 1833 cesarei‚
1118 1783 1334 1823 ordinant
1358 1782 1487 1823 cleri-

169 1867 262 1908 cos,
283 1853 575 1894 benedicunt
597 1852 822 1893 ecclesias
848 1858 896 1893 et
918 1852 1087 1894 vivunt
1110 1866 1324 1893 seorsum
1346 1852 1490 1893 vitam

164 1924 346 1977 lautam,
378 1924 648 1964 laborantes
669 1928 870 1977 propter
890 1923 1187 1964 commodum
1212 1923 1488 1976 temporale,

166 1998 371 2048 peccant
414 1993 622 2049 graviter
667 1999 714 2034 et
758 1998 866 2033 sunt
916 1993 1050 2034 multi
1102 1997 1329 2046 apostate.
1391 1991 1490 2034 Sed

112 2069 151 2102 25
168 2063 361 2117 gravius
383 2069 601 2118 peccant,
626 2064 707 2118 qui
728 2077 877 2118 prava
896 2063 1168 2104 intencione
1193 2061 1490 2103 menciuntur

169 2148 220 2175 se
255 2147 359 2174 esse
392 2147 416 2174 a
446 2148 574 2188 papa
606 2135 663 2175 ad
692 2135 784 2175 hoc
817 2133 1023 2175 officium
1055 2133 1320 2187 deputatos.
1374 2132 1488 2174 Gra-

169 2204 360 2245 vissime
407 2209 560 2244 autem
605 2203 684 2258 qui
715 2217 860 2258 prava
890 2203 1162 2244 intencione
1193 2202 1490 2244 menciuntur

168 2274 216 2314 in
246 2273 366 2326 talia,
400 2274 509 2314 dum
540 2279 697 2314 tamen
727 2287 823 2314 non
851 2273 945 2314 sint
973 2273 1093 2313 infra
1115 2286 1275 2314 sacros
1301 2272 1490 2313 ordines

171 2343 494 2385 ecclesiastice
528 2344 788 2384 constituti.
819 2344 880 2385 Et
915 2343 1346 2397 correspondenter
1376 2355 1489 2396 pec-

114 2419 156 2452 30
172 2418 278 2454 cant
311 2413 468 2454 clerici
500 2413 712 2465 ordinati,
747 2414 854 2455 dum
876 2418 1034 2454 tamen
1054 2413 1309 2454 manserint
1331 2412 1379 2452 in
1402 2412 1488 2462 eis3

173 2484 298 2537 apud
328 2483 485 2524 Deum
527 2483 762 2525 humilitas
793 2496 892 2524 non
930 2485 1083 2535 obest,
1129 2484 1215 2524 sed
1259 2487 1491 2523 consonat

173 2554 301 2606 quod
342 2567 429 2607 per
471 2553 707 2607 simplices
739 2553 1016 2595 sacerdotes
1065 2558 1397 2607 presumentes
1443 2557 1491 2592 et

173 2622 241 2663 sic
274 2623 533 2664 ordinando
579 2629 837 2677 peccantes
882 2623 975 2664 sint
1004 2622 1237 2677 legittime
1275 2620 1490 2663 ordinati.

242 2789 292 2818 29.
315 2781 414 2811 Codd.
442 2782 473 2810 in
501 2790 615 2817 marg:
642 2781 725 2811 Nota
749 2784 810 2811 lzic.
882 2782 927 2812 31.
954 2783 976 2811 B
1001 2783 1032 2811 in
1060 2791 1174 2819 marg.:
1201 2782 1350 2810 Vadentes
1370 2789 1489 2810 curtam

171 2829 341 2856 Romanam
356 2836 418 2864 pro
438 2830 631 2857 sacerdocio.
706 2829 756 2858 32.
777 2832 806 2858 A
826 2830 856 2857 in
877 2838 991 2865 marg:
1015 2829 1105 2857 Cave.

245 2923 274 2945 2.
301 2923 378 2955 pag.
405 2912 471 2955 736
497 2923 595 2956 seqq.

1695 281 1775 320 313

1503 938 1572 967 The
1588 944 1779 968 sacraments

1516 975 1621 1002 would
1643 975 1760 1002 remain

1526 1010 1552 1037 if
1569 1010 1654 1037 there
1674 1018 1755 1037 were

1563 1053 1603 1072 no
1626 1053 1715 1080 pope.

1537 1651 1563 1679 It
1583 1653 1686 1680 would
1710 1654 1747 1681 be

1502 1689 1583 1721 good
1611 1692 1642 1714 to
1663 1693 1711 1723 get
1730 1688 1777 1715 rid

1537 1722 1572 1749 of
1586 1723 1637 1749 the
1658 1731 1750 1762 many

1552 1758 1681 1792 bishops
1703 1760 1735 1786 ot

1555 1792 1718 1821 Nowhere.

1522 2141 1618 2171 Sham
1640 2142 1753 2177 priests

1531 2178 1590 2205 and
1614 2177 1753 2212 bishops.
