2078 3338
259 270 348 299 cAP.
377 259 459 317 vn]
658 273 717 305 DE
744 272 1025 305 POTESTATE
1051 272 1181 305 PAPE.

251 376 486 418 infidelius
526 390 663 430 quam
702 377 829 430 quod
866 381 1057 430 oportet
1090 377 1148 417 de
1183 375 1474 416 necessitate
1507 389 1576 416 sa-

252 446 361 487 lutis
407 445 705 487 christianum
750 445 1008 486 exercitum
1052 445 1133 486 tali
1172 445 1326 499 capite
1358 445 1576 500 regulari.

252 515 314 557 Et
344 521 478 570 patet
510 517 637 569 quod
659 515 707 556 in
728 515 820 556 isto
837 515 1002 569 quinto
1037 520 1314 568 argumento
1338 515 1464 555 facto
1488 528 1576 568 pro

252 599 377 639 papa
415 586 561 626 debet
597 585 702 639 ipse
737 584 990 638 diligenter
1022 585 1266 625 attendere
1319 584 1449 637 quod
1481 597 1576 624 non

219 654 315 696 5sit
357 655 414 696 ad
457 655 604 696 instar
647 654 779 696 Petri
829 655 1072 708 reprobati
1121 655 1248 695 fumo
1300 654 1452 694 fastus
1498 654 1576 694 vel

252 725 451 766 avaricie
496 730 773 779 soporatus;
820 725 878 765 de
912 738 1006 778 quo
1046 737 1248 778 sompno
1289 724 1464 764 dictum
1505 729 1578 764 est

252 795 373 837 alibi.
405 794 525 835 Nam
554 795 732 836 habere
766 795 918 835 solum
950 808 1123 835 nomen
1144 793 1276 835 Petri
1305 793 1466 834 vicarii
1497 794 1576 834 vel

250 864 456 919 pastoris
489 870 564 905 est
595 878 658 905 ex
688 864 903 905 mendaci
935 864 1147 918 ypocrisi
1178 863 1327 918 magis
1358 863 1575 917 dampna-

249 935 345 975 bile
378 948 516 989 quam
548 935 587 975 si
617 934 744 975 foret
787 935 927 975 homo
956 934 1092 975 huius
1121 934 1438 988 prepositure,
1474 947 1577 973 cum

198 1017 236 1039 10
253 1004 514 1059 Gregorius
551 1006 720 1046 beatus
752 1004 904 1058 primo
937 1004 1057 1045 libro
1089 1005 1166 1045 De
1203 1018 1316 1044 cura
1345 1003 1577 1043 Pastorali

250 1074 298 1115 II
337 1088 439 1128 cap.
485 1075 774 1128 exponendo
820 1074 934 1114 illud
980 1074 1143 1115 Matth.
1188 1073 1372 1124 XVIII,
1412 1076 1435 1113 ὁ
1489 1072 1577 1121 Qui

249 1145 631 1187 scandalizaverit
651 1156 795 1185 unum
817 1146 871 1185 de
896 1144 1083 1197 pusillis
1114 1144 1213 1184 istis
1244 1144 1467 1192 minimis,
1499 1144 1577 1196 qui

250 1216 298 1256 in
340 1228 413 1256 me
457 1216 656 1266 credunt,
708 1215 882 1268 expedit
925 1215 966 1255 ei
1008 1217 1056 1254 ut
1098 1215 1409 1266 suspendatur
1451 1215 1574 1254 mola

250 1286 465 1326 asinaria
496 1286 621 1326 circa
652 1286 818 1326 collum
858 1285 955 1325 eius
987 1287 1025 1324 et
1056 1285 1353 1335 demergatur
1384 1284 1431 1324 in
1456 1296 1572 1337 pro-

197 1356 234 1388 15
239 1355 450 1407 fundum
472 1356 642 1396 maris:
672 1354 898 1405 Pastores‚
930 1352 1096 1406 inquit,
1122 1354 1333 1407 perversi
1354 1355 1403 1394 in
1425 1354 1572 1394 mori-

250 1426 331 1465 bus
371 1426 489 1479 quod
531 1425 678 1466 verbis
713 1425 970 1478 predicant,
1025 1424 1230 1464 moribus
1275 1424 1576 1476 impugnant,-

250 1495 369 1535 unde
392 1495 467 1546 fit,
505 1498 554 1535 ut
582 1506 688 1535 cum
713 1497 879 1547 pastor
904 1506 991 1546 per
1023 1494 1221 1545 abrupta
1247 1494 1479 1545 graditur,
1514 1494 1577 1533 ad

243 1564 549 1617 precipicium
582 1572 697 1616 grex
733 1566 971 1617 sequatur,·
1008 1563 1129 1617 quia,
1169 1575 1272 1603 cnm
1304 1564 1424 1616 layci
1453 1564 1574 1603 dicta

244 1635 534 1687 prelatorum
579 1634 879 1687 cognoverint,
916 1645 1005 1685 per
1047 1645 1189 1686 opera
1233 1636 1573 1686 pervertuntur.

193 1717 236 1738 20
251 1703 374 1744 Hinc
409 1704 624 1744 scribitur
655 1716 743 1757 per
778 1703 1070 1757 proplietam:
1105 1702 1259 1745 Causa
1295 1706 1400 1743 sunt
1440 1703 1575 1744 ruine

244 1774 408 1827 populi
443 1775 699 1815 sacerdotes
736 1773 864 1823 mali,
909 1773 963 1813 de
1001 1774 1162 1826 quibus
1200 1773 1309 1813 dicit
1345 1773 1574 1814 Dominus

243 1856 332 1896 per
345 1844 643 1897 proplietam:
672 1843 800 1884 Facti
820 1846 925 1884 sunt
945 1843 1104 1883 domui
1133 1842 1321 1883 Ysraliel
1351 1844 1398 1883 in
1427 1844 1571 1897 offen-

250 1914 453 1954 diculum
475 1914 742 1967 iniquitatis.
765 1913 909 1954 Nemo
923 1914 1087 1966 quippe
1102 1914 1307 1965 amplius
1321 1913 1365 1953 in
1388 1913 1573 1953 ecclesia

248 1986 384 2034 nocet,
423 1996 561 2037 quam
600 1984 677 2036 qni
710 1996 926 2036 perverse
963 1992 1105 2036 agens
1141 1983 1269 2023 habet
1305 1995 1468 2023 nomen
1506 1984 1574 2023 vel

193 2056 233 2088 25
249 2054 459 2094 ordinem
495 2054 764 2104 sanctitatis,
801 2054 1129 2106 delinquentem
1168 2056 1320 2093 autem
1351 2054 1467 2093 hunc
1496 2066 1571 2093 re-

247 2125 476 2177 darguere
526 2125 681 2165 nullus
731 2125 890 2174 audet;
941 2127 980 2164 et
1030 2124 1077 2164 in
1130 2124 1385 2176 exemplum
1437 2124 1571 2177 culpa

246 2194 523 2235 vehementer
559 2195 825 2246 extend-itur,
864 2195 1044 2246 quando
1076 2196 1290 2247 peccator
1320 2206 1410 2246 pro
1441 2206 1569 2234 reve-

131 2263 212 2309 198⁵¹
247 2264 405 2304 rencia
435 2264 612 2304 ordinis
638 2262 644 2319 Ι
670 2264 935 2305 honoratur.
987 2264 1178 2317 Indigni
1209 2275 1420 2317 namque,
1456 2264 1572 2303 tanti

240 2334 463 2386 ponderis
487 2334 699 2387 pericula
719 2334 951 2386 fugerent,
983 2334 1024 2374 si
1058 2333 1266 2374 Veritatis
1296 2333 1568 2373 sentenciam

191 2406 234 2438 30
246 2403 434 2444 sollicite
484 2404 746 2457 cogitarent,
803 2405 880 2456 qni
935 2404 1317 2444 scandalizaverit
1347 2406 1421 2444 etc.
1481 2403 1572 2443 Per

247 2474 419 2515 molam
461 2474 625 2527 quippe
663 2473 926 2515 asinariam
970 2474 1195 2515 secularis
1231 2474 1318 2514 vite
1353 2473 1571 2513 circuitus

318 2606 347 2626 2.
367 2598 406 2626 B:
427 2599 589 2634 regulare.
658 2606 686 2634 9.
703 2597 928 2634 Codd.:forel
940 2598 1078 2626 sihomo.
1152 2606 1254 2634 9—10.
1267 2597 1302 2625 In
1315 2598 1406 2626 codd.
1421 2598 1471 2625 hic
1484 2598 1570 2625 locus

247 2649 413 2680 corruptus
433 2650 487 2673 est.
510 2644 636 2680 Legitur·
655 2645 686 2672 in
706 2646 750 2673 A:
768 2645 968 2680 prepositure
986 2648 1048 2673 tam
1063 2643 1240 2681 Gregorius
1260 2645 1373 2676 beatus,
1399 2644 1571 2680 Gregorius

244 2691 346 2726 primo
358 2691 437 2719 libro
455 2690 498 2719 De
513 2691 597 2719 Cura
614 2712 620 2718 .
636 2712 642 2718 .
657 2711 664 2718 .
681 2692 719 2719 ss:
747 2694 811 2719 tam
832 2691 1007 2727 Gregorius
1027 2692 1134 2719 beatus
1158 2699 1250 2726 quam
1272 2690 1450 2726 Gregorius
1465 2691 1568 2726 primo

246 2737 324 2765 libro
340 2758 347 2764 .
363 2759 370 2765 .
386 2758 394 2766 .
469 2746 511 2766 10.
532 2738 586 2765 AB
613 2738 644 2765 in
665 2746 768 2774 marg:
796 2738 915 2766 Nocent
932 2739 963 2765 in
983 2737 1108 2765 ecclesia
1128 2739 1262 2765 maxime
1287 2738 1364 2765 mali
1379 2738 1568 2765 sacerdotes.

246 2783 448 2812 Sacerdotum
459 2785 650 2820 perversitas
664 2788 771 2812 causat
785 2785 880 2812 mala.
955 2792 999 2821 17.
1021 2784 1060 2812 B:
1081 2788 1113 2812 ut
1127 2784 1223 2812 deest.
1296 2783 1344 2811 30.
1369 2783 1390 2811 B
1405 2784 1434 2811 in
1451 2792 1566 2819 marg:

245 2829 331 2858 Mola
348 2831 491 2858 asinaria
512 2831 586 2866 quid
605 2831 718 2867 signet.

321 2925 370 2946 10.
396 2916 448 2947 De
475 2916 565 2948 Cura
590 2917 726 2948 Pastor.
753 2916 775 2947 1.
804 2927 830 2948 c.
866 2917 917 2950 Cf.
945 2917 1063 2948 Hussii
1092 2917 1184 2958 Opp.
1214 2916 1274 2949 fol.
1302 2915 1500 2947 CCXX1V2.

1793 274 1862 312 151
