2078 3338
193 256 280 287 CAP.
303 249 356 307 x.]
589 264 646 295 DE
674 261 955 295 POTEsTATE
983 261 1113 295 PAPE.

193 380 330 419 quam
360 367 714 420 respondendo,
747 372 798 408 ut
828 372 1039 407 narratur
1068 366 1114 406 in
1139 367 1343 419 quodam
1367 372 1506 420 gesto

190 435 380 489 Angfie,
428 437 666 489 quomodo
702 442 899 477 vacante
941 436 1223 489 episcopatu
1255 436 1507 476 Dunelmie

193 518 254 545 ex
286 505 486 558 quadam
519 505 720 547 subdola
751 506 1011 547 subtilitate
1045 505 1202 546 clerici
1229 518 1317 545 rex
1341 504 1510 545 dicitur

191 574 375 616 misisse
418 589 558 629 pape,
602 582 653 616 ut
695 576 809 616 illud
852 576 1138 616 beneficium
1178 576 1392 616 conferat
1423 588 1509 615 suo

160 644 384 694 §cleri003
436 659 523 686 rex
569 651 723 686 autem
769 652 816 686 et
858 659 1059 698 regnum
1104 659 1164 686 ex
1212 646 1333 686 scitu
1383 658 1509 699 pape

190 720 390 768 perante
424 716 736 755 decreverant
768 716 897 769 quod
928 729 1022 756 non
1047 716 1269 756 obstante
1293 727 1510 768 quacum-

192 798 284 837 que
318 785 580 826 donacione
623 798 751 838 pape
783 792 1030 839 promotus
1062 799 1189 839 pape
1227 798 1323 825 non
1360 783 1509 837 perci-

190 859 332 907 peret
368 854 548 895 fructus
580 854 799 895 beneficii
829 855 967 909 regni
998 855 1159 906 nostri,
1196 854 1287 895 nisi
1323 853 1428 908 regi
1463 859 1512 894 et

189 937 340 977 regno
382 924 512 965 visus
556 925 739 975 habilis,
794 924 1121 966 distribuendo
1172 924 1278 964 illos
1330 923 1510 963 fructus

137 994 393 1047 xoprovide
437 994 557 1035 infra
598 1008 812 1048 regnum,
856 994 1011 1048 ipsum
1053 1008 1254 1048 regnum
1292 993 1408 1034 velit
1447 993 1511 1033 in-

192 1064 361 1105 colere.
413 1064 591 1104 Habito
635 1065 797 1118 itaque
840 1065 987 1118 longo
1035 1064 1231 1104 consilio
1272 1064 1331 1103 de
1362 1062 1511 1103 literis

189 1134 317 1188 regis
361 1147 486 1187 papa
528 1134 679 1186 fertur
722 1135 881 1175 taliter
911 1134 1239 1188 respondisse:
1277 1132 1333 1174 Et
1363 1134 1403 1173 si
1434 1145 1513 1173 rex

190 1204 388 1245 misisset
418 1206 603 1245 asinum
629 1217 718 1257 pro
742 1206 817 1245 illo
842 1205 1062 1257 beneficio,
1095 1205 1334 1245 habuisset.
1370 1201 1513 1254 Quod

189 1286 471 1327 responsum
503 1273 751 1315 manifeste
783 1274 959 1315 indicat
989 1287 1174 1328 papam,
1221 1279 1268 1313 et
1313 1272 1351 1313 si
1381 1272 1511 1325 prius

138 1348 173 1379 15
193 1342 364 1396 dignus
397 1343 485 1384 fuit
529 1357 591 1384 ex
622 1344 733 1397 lege
766 1343 951 1397 privata
982 1343 1140 1397 papali
1167 1343 1281 1383 illud
1306 1341 1512 1382 officium

192 1412 462 1463 contulisse,
503 1414 560 1453 ab
592 1413 672 1453 illo
706 1412 957 1467 privilegio
993 1412 1259 1462 excedisse,
1299 1412 1407 1465 quia
1437 1410 1512 1451 XI

192 1481 378 1535 questio
401 1481 473 1522 III
497 1496 554 1523 ex
582 1483 777 1523 decreto
800 1483 929 1523 beati
952 1482 1175 1536 Gregorii
1203 1481 1270 1522 sic
1292 1482 1511 1521 habetur:

190 1552 492 1605 Privilegimn
531 1554 716 1594 omnino
755 1553 877 1593 dehet
915 1553 1136 1604 amittere,
1179 1552 1256 1605 qui
1288 1550 1384 1592 sibz*
1400 1563 1510 1603 per—

190 1623 336 1662 missa
363 1623 566 1663 abutitur
579 1626 812 1676 potestate.
844 1622 993 1663 Maior
1026 1627 1181 1662 autem
1212 1622 1259 1662 in
1290 1621 1383 1661 isto
1417 1634 1513 1660 non

133 1697 358 1745 2oposset
402 1705 509 1732 esse
555 1692 736 1743 abusio,
789 1705 927 1745 quam
971 1692 1178 1732 scienter
1222 1690 1513 1731 constituere

188 1762 432 1817 indignum
462 1761 510 1802 in
543 1761 747 1802 clericali
780 1762 953 1802 officio.
1006 1761 1104 1802 Ista
1142 1766 1297 1802 autem
1334 1759 1514 1800 fallacia

189 1831 469 1884 imaginatur
502 1831 560 1871 de
592 1836 834 1885 potestate
869 1831 1192 1872 ecclesiastica
1230 1830 1359 1884 quod
1382 1841 1512 1869 secu-

189 1900 297 1941 laris
341 1906 506 1955 potest
549 1914 650 1942 eam
695 1902 805 1941 dare
839 1901 961 1942 sicut
992 1903 1168 1941 bovem
1202 1901 1281 1941 vel
1316 1899 1512 1948 asinum,

191 1972 268 2011 vel
301 1971 431 2024 quod
464 1984 526 2011 ex
558 1971 749 2011 defectu
782 1971 1074 2011 defensionis
1107 1970 1254 2024 partis
1279 1968 1514 2010 contrarie

136 2042 441 2094 25preposito
483 2040 715 2094 spirituali
759 2041 1027 2095 acquiritur,
1079 2041 1118 2081 si
1167 2039 1427 2081 instituitur
1464 2029 1514 2078 in

73 2116 154 2157 219⁵
193 2111 474 2164 quibusdam
517 2111 856 2151 tradicionibus
907 2110 1133 2151 humanis.
1192 2109 1289 2151 Sed
1317 2108 1322 2163 l
1352 2108 1513 2148 delira-

190 2186 348 2220 menta
379 2186 489 2221 sunt
518 2180 622 2223 ista.

251 2249 487 2302 Quantum
519 2251 576 2290 ad
609 2249 805 2291 tercium
837 2255 1036 2303 partem,
1068 2254 1202 2303 patet
1242 2248 1371 2302 quod
1405 2247 1512 2288 doc-

192 2319 373 2360 toribus
404 2319 507 2360 istis
540 2333 635 2360 non
669 2321 815 2362 debet
847 2320 976 2360 credi
1008 2318 1098 2360 nisi
1129 2325 1181 2360 ut
1209 2319 1413 2360 testibus
1436 2317 1515 2358 vel

137 2393 179 2425 30
194 2390 439 2430 autoribus
470 2390 516 2431 in
550 2390 723 2443 quibus
748 2389 959 2431 Christus
991 2389 1201 2443 loquitur
1238 2389 1371 2429 velut
1405 2401 1514 2441 pro-

191 2459 414 2500 bantibus
447 2472 574 2501 suam
609 2459 898 2500 sentenciam
928 2459 1132 2502 racione.

265 2638 310 2658 21.
333 2629 450 2658 Codd.:
470 2630 563 2658 Istam
582 2634 683 2658 autem
693 2629 872 2666 fallactam.
947 2628 994 2657 25.
1016 2629 1135 2658 Codd.:
1156 2637 1202 2662 sz;
1223 2629 1304 2657 sed?

264 2724 294 2747 2.
320 2711 585 2755 Walsingsham
611 2712 813 2755 Ypodigma
837 2712 1019 2745 Neustriae
1045 2722 1124 2755 pag.
1153 2711 1229 2745 283.
1262 2712 1349 2745 Hist.
1376 2711 1514 2753 Anglic.

194 2770 232 2812 II,
261 2770 336 2804 382.
377 2770 457 2803 Vid.
484 2769 643 2810 Loserth‚
676 2771 822 2803 Studien
855 2780 916 2802 zur
949 2769 1226 2812 Kirchenpolitik
1253 2769 1434 2810 Englands
1466 2770 1514 2800 im

192 2830 281 2862 XIV.
299 2828 429 2873 Jahrh.‚
448 2828 770 2871 Sitzungsberichte
800 2830 860 2861 der
879 2830 1023 2861 Wiener
1041 2828 1234 2861 Akademie
1254 2828 1433 2868 CXXXVI,
1460 2837 1515 2869 27⁰

199 2886 248 2920 18.
277 2888 359 2929 Cap.
388 2887 503 2919 Lxm.

1716 266 1792 304 231

1565 378 1757 407 scandalous

1559 414 1670 449 saying
1688 413 1723 441 of
1740 422 1756 440 a

1611 456 1702 483 pope.
