2078 3338
232 263 323 292 CAP.
344 254 398 312 x]
629 267 686 298 DE
715 266 994 298 POTESTATE
1024 265 1152 298 ΡΑΡΕ.

233 371 479 413 ecclesiam
519 371 630 412 cleri
662 372 836 425 Anglie
874 372 921 411 in
953 385 1036 412 sua
1070 371 1289 411 libertate
1323 372 1547 426 primeva,

231 449 282 482 ut
314 442 425 483 dicit
447 443 615 483 beatus
640 442 872 483 Ysidorus
897 442 954 481 de
978 454 1158 482 summo
1182 442 1310 482 bono
1332 442 1453 483 libro
1477 443 1548 483 III

232 518 279 553 et
302 517 578 565 corporatur
592 511 769 552 XXIII
789 511 975 565 questio
991 511 1054 551 V:
1070 510 1319 564 Principes.
1336 510 1548 554 Christus

111 581 191 625 217b
230 588 385 622 autem
403 581 646 635 prohibuit
660 581 845 621 vicariis
868 581 964 621 suis
981 580 1353 622 dominacionem
1371 580 1373 637 l
1392 581 1546 622 huius-

197 652 369 702 5m0di‚
404 657 451 692 et
472 651 518 691 in
542 651 725 705 signum
752 651 1124 691 confirmacionis
1154 665 1207 691 ac
1229 651 1546 693 subieccionis

230 721 367 762 cleris
391 721 590 761 seculari
614 721 819 761 dominio
843 721 974 761 dedit
995 734 1084 774 per
1105 721 1299 761 Petrum
1321 721 1545 762 tributum

230 790 401 841 Cesari,
434 797 486 831 ut
511 796 645 844 patet
673 791 836 832 Matth.
858 790 1025 839 XVII;
1058 796 1234 845 potens
1261 791 1406 846 igitur
1422 791 1544 831 blas—

227 861 367 901 femie
399 861 479 902 tali
509 861 735 902 resistere
775 866 823 901 et
856 861 1079 901 omittens
1111 860 1246 901 nimis
1282 866 1354 902 est
1387 862 1543 914 culpa-

226 931 334 972 bilis
368 945 428 972 ex
458 944 706 972 consensu.
744 931 805 972 Et
838 931 943 971 dico
989 931 1118 984 quod
1148 930 1236 971 fuit
1269 931 1545 972 scandalosa

175 1012 212 1032 10
227 1001 417 1055 peticio,
477 1002 585 1056 quia
642 1015 737 1042 non
789 1007 959 1055 posset
1014 1001 1264 1054 patencius
1324 1015 1544 1042 accusare

231 1071 415 1123 curiam,
433 1085 569 1125 quam
585 1072 675 1113 sibi
692 1071 1084 1112 contradictorius
1108 1071 1316 1112 nominat
1336 1075 1544 1113 sanctam

224 1143 386 1184 sedem.
419 1141 470 1184 Si
493 1141 616 1182 enim
638 1147 770 1182 tanta
793 1141 1062 1195 cupiditatis
1086 1142 1265 1181 macula
1289 1141 1354 1181 sic
1375 1148 1544 1195 regnat

224 1212 272 1252 in
302 1212 380 1252 illa
413 1212 551 1263 curia,
583 1212 777 1253 indubie
811 1211 1024 1265 sequitur
1057 1212 1186 1265 quod
1218 1225 1343 1265 papa
1376 1217 1423 1253 et
1446 1225 1542 1252 car-

226 1282 404 1323 dinales
437 1288 546 1323 sunt
576 1285 644 1323 rei
675 1282 797 1322 illius
832 1281 1034 1322 criminis
1067 1282 1144 1322 vel
1179 1281 1542 1333 consenciend0‚

172 1351 556 1393 15auct0rizando
601 1353 678 1393 vel
721 1353 827 1405 ipse
869 1352 916 1392 in
955 1366 1161 1405 persona
1191 1354 1385 1406 propria
1417 1353 1541 1393 illam

223 1421 536 1463 facinorosam
561 1422 828 1476 cupidinem
852 1422 1208 1469 committendo;
1236 1437 1341 1463 nam
1365 1437 1426 1463 ex
1447 1424 1542 1464 fide

223 1505 311 1545 pro
356 1494 482 1533 nullo
527 1495 655 1534 bono
700 1493 920 1546 possibili
971 1493 1319 1534 committerent
1362 1498 1541 1534 tantum

225 1561 409 1614 crimen,
453 1563 596 1616 igitur
637 1564 782 1603 multo
828 1563 979 1616 magis
1022 1577 1118 1604 non
1160 1577 1249 1617 pro
1293 1564 1540 1617 temporali

221 1631 395 1673 iudicio
428 1638 608 1673 tantum
641 1634 696 1673 ab
730 1633 1008 1686 apostolicis
1041 1633 1207 1676 alieno,

166 1709 207 1730 20
279 1702 467 1754 Iterum,
500 1703 689 1744 videtur
720 1703 848 1757 quod
869 1703 1018 1744 forma
1041 1703 1233 1744 excedit
1255 1703 1541 1757 peticionem

223 1773 541 1827 apostolicam,
580 1778 678 1814 tum
717 1773 824 1826 quia
855 1773 987 1814 multi
1020 1774 1276 1814 centenarii
1313 1787 1540 1827 paparum

220 1849 423 1897 possent
476 1845 534 1884 de
586 1849 714 1884 tanta
767 1844 1022 1884 elemosina
1074 1844 1341 1895 sustentari,
1395 1844 1539 1885 eciam

223 1914 506 1967 complendo
530 1914 723 1967 plenum
745 1915 919 1967 papale
944 1913 1162 1964 officium,
1186 1920 1238 1955 ut
1261 1913 1373 1954 dicit
1395 1915 1539 1954 Bern-

220 1984 392 2025 hardus
423 1983 544 2024 libro
577 1983 648 2023 IV
680 1984 736 2023 ad
767 1984 1048 2037 Eugenium,
1097 1989 1144 2024 et
1176 1989 1377 2026 testatur
1408 1984 1538 2038 Apo-

164 2055 372 2095 25stolus
404 2054 554 2108 prima
585 2054 732 2096 Thim.
764 2054 847 2105 VI,
882 2057 1038 2105 8—1o‚
1084 2054 1166 2095 ubi
1204 2054 1365 2095 dicens
1411 2056 1539 2108 quod

220 2125 356 2165 radix
378 2124 586 2165 omnium
608 2126 842 2165 malorum
865 2128 928 2165 est
950 2126 1178 2178 cupiditas
1209 2138 1297 2178 pro
1329 2125 1536 2166 remedio

221 2194 288 2234 sic
333 2194 510 2234 subdit:
563 2193 791 2234 Habentes
842 2195 986 2246 igilur
1032 2196 1254 2236 alimenta
1298 2199 1337 2236 et
1378 2197 1539 2248 quibus

218 2267 432 2317 tegamur
461 2265 549 2305 hiis
580 2265 770 2305 contenti
801 2264 959 2305 simus.
992 2264 1162 2304 Forma
1182 2264 1327 2318 igitur
1350 2271 1537 2318 aposto-

217 2333 307 2374 lica
341 2334 407 2374 ibi
440 2334 587 2384 deest,
628 2347 730 2374 cum
764 2334 1030 2388 Apostolus
1064 2335 1267 2375 consulit
1299 2348 1386 2388 pro
1418 2336 1536 2375 rele-

164 2410 203 2443 30
218 2403 402 2443 vamine
452 2404 703 2444 multorum
760 2409 1030 2444 sanctorum
1085 2404 1346 2455 Jerusalem
1409 2405 1537 2458 quod

219 2472 415 2526 quilibet
442 2473 644 2513 ecclesie
669 2473 1046 2514 Chorinthiorum
1071 2473 1150 2527 qui
1171 2473 1372 2513 voluerit
1394 2475 1536 2514 bene-

220 2542 481 2583 diccionem
514 2544 626 2583 dare
658 2543 831 2584 sanctis
864 2544 1127 2595 Jerusalem
1172 2548 1374 2596 reponat
1406 2544 1536 2597 quod

218 2613 452 2665 placuerit
490 2613 599 2653 dare
634 2613 922 2664 abscondite,
961 2618 1013 2654 ut
1050 2618 1184 2666 patet
1215 2612 1276 2654 II.
1310 2612 1415 2654 Cor.
1448 2612 1534 2655 IX.

290 2761 334 2789 15.
354 2762 598 2798 auctorizanda·
627 2762 734 2789 codd.:
766 2763 903 2790 autendo.
936 2762 981 2790 Cf.
1012 2762 1072 2790 Sex
1099 2762 1216 2797 species
1243 2770 1426 2794 consensus,
1454 2771 1479 2790 e.
1504 2770 1531 2797 g.

218 2807 317 2836 Serm.
339 2807 393 2842 IV,
416 2807 475 2843 359
497 2808 576 2844 ipse‚·
595 2809 637 2835 ita
657 2808 747 2836 codd.

288 2892 318 2925 3.
345 2891 482 2923 Decreti
514 2891 673 2923 Secunda
706 2892 799 2931 Pars,
832 2892 945 2924 Causa
969 2892 1088 2933 XXIII,
1124 2892 1267 2931 Quaest.
1287 2893 1327 2932 V,
1355 2902 1429 2934 cap.
1459 2893 1531 2924 XX.

284 2963 326 2988 De
342 2964 492 2989 potestate
513 2965 597 2993 Pape.
1366 2974 1375 2994 1
1387 2973 1401 2993 3

1756 270 1835 309 225

1593 937 1660 966 The
1681 947 1711 966 re
1737 944 1805 967 uest

1559 980 1623 1001 was
1637 981 1709 1001 scan
1735 975 1833 1002 alouS.

1601 1711 1628 1738 It
1647 1710 1778 1739 claimed

1591 1746 1683 1773 much
1703 1754 1790 1774 more

1615 1781 1687 1808 than
1708 1789 1772 1808 was

1631 1815 1746 1843 needed

1587 2271 1645 2298 and
1668 2272 1720 2300 did
1742 2278 1795 2301 not

1606 2306 1711 2334 follow
1732 2309 1781 2335 the

1606 2343 1771 2375 precedent

1587 2377 1622 2403 of
1638 2377 1683 2405 St.
1706 2378 1789 2406 Paul.
