2078 3338
266 286 339 314 102

267 2363 316 2390 No
337 2363 455 2398 apostle
476 2362 534 2389 had

309 2398 345 2425 all
369 2397 500 2425 Christ's

985 281 1209 315 JOHANNIS
1235 281 1421 314 WYCUF
1682 267 1788 325 [CAP.
1812 278 1863 306 v1.

550 388 720 428 Petrus
745 393 792 427 et
814 387 890 428 alii
912 388 999 427 sub
1015 386 1185 440 quibus
1206 386 1358 427 crevit
1381 385 1581 426 ecclesia
1596 399 1647 426 se
1658 386 1862 426 Domino

551 457 909 497 conformarunt.
960 456 1132 497 Tercio
1167 456 1293 509 quod
1338 468 1463 509 papa
1507 461 1554 496 et
1584 468 1745 495 omnes
1790 455 1865 495 alii

551 526 767 580 episcopi
825 526 999 566 debent
1053 524 1474 579 evangelizaeione,
1539 525 1759 565 oracione
1818 530 1867 564 et

551 602 711 637 sancte
757 596 854 636 vite
899 592 1253 649 exemplacione
1299 595 1486 636 assidue
1518 608 1716 648 pascere
1749 606 1866 634 oves

553 665 744 717 Christi3
769 671 902 719 patet
923 679 982 705 ex
999 664 1156 706 officio
1179 671 1255 706 ter
1268 664 1463 705 limitato
1479 664 1624 705 Petro
1639 662 1866 715 Johannis
1884 666 1900 700 5

552 735 728 777 ultimo.
789 735 928 775 Unde
980 735 1278 790 Augustinus
1329 734 1545 788 Epistola
1596 732 1749 773 CXLI
1810 732 1868 772 ad

552 804 797 845 Paulinum
812 810 957 857 notat,
981 805 1220 858 quomodo
1242 804 1289 844 in
1314 809 1447 844 textu
1468 802 1695 856 Apostoli
1716 802 1866 855 Ephe.

552 874 634 926 IV,
682 888 725 914 11
767 874 972 914 officium
1007 873 1212 928 pastoris
1258 878 1306 914 et
1342 872 1552 913 doctoris
1591 871 1866 925 iunguntur:

554 944 778 995 Pastores,
816 944 982 997 inquit,
1021 947 1061 985 et
1091 945 1294 984 doctores
1324 955 1433 995 qnos
1463 943 1664 983 maxime
1695 943 1867 983 discer-

551 1026 656 1054 nere
686 1014 867 1055 voluisti
899 1015 1076 1055 eosdem
1102 1017 1214 1066 puto
1245 1025 1337 1054 esse
1359 1016 1398 1053 et
1418 1024 1505 1052 non
1528 1012 1645 1052 alios
1659 1014 1870 1064 pastores
1890 1023 1927 1044 το

553 1086 591 1123 et
622 1084 740 1123 alios
770 1084 972 1124 doctores
998 1083 1331 1135 intelligamns;
1374 1085 1413 1122 et
1443 1082 1542 1122 ideo
1576 1093 1677 1121 cum
1706 1080 1867 1134 predi-

551 1153 686 1193 xisset
700 1156 925 1205 pastores,
940 1152 1169 1193 subiunxit
1182 1152 1398 1200 doctores,
1414 1154 1463 1191 nt
1476 1154 1688 1204 pastores
1701 1149 1867 1190 intelli-

548 1226 708 1275 gerent
738 1224 800 1263 ad
831 1221 1036 1274 officium
1061 1234 1197 1263 snum
1212 1222 1443 1274 pertinere
1464 1221 1731 1260 doctrinam.
1764 1218 1869 1259 Ideo

552 1305 656 1333 vero
690 1304 779 1332 non
811 1293 894 1333 ait:
933 1293 1156 1344 quosdam
1193 1304 1297 1332 vero
1329 1293 1542 1344 pastores
1580 1292 1619 1330 et
1648 1289 1870 1341 quosdam

553 1364 767 1409 doctores,
807 1365 855 1402 ut
884 1363 1114 1415 superiori
1144 1362 1389 1403 locucionis
1414 1370 1589 1413 genere,
1626 1360 1705 1400 sed
1734 1371 1867 1411 quos·
1889 1360 1926 1392 15

553 1434 665 1473 dam
691 1435 902 1486 pastores
933 1435 973 1472 et
1003 1433 1218 1482 doctores,
1249 1435 1487 1483 tamquam
1518 1442 1662 1471 uuum
1695 1428 1871 1480 aliquid

553 1504 726 1543 dnobus
762 1503 1023 1543 nominihus
1060 1504 1295 1555 amplexus
1326 1504 1401 1552 est,
1439 1502 1673 1553 quosdam,
1711 1499 1869 1551 inquit,

547 1576 759 1625 pastores
788 1575 829 1613 et
859 1573 1073 1613 doctores.
1126 1571 1187 1612 Et
1218 1571 1286 1611 sic
1319 1570 1533 1625 spoliatis
1566 1568 1828 1623 superfluiS,
1863 1566 1866 1623 Ι

552 1648 741 1695 pateret
791 1641 896 1695 quis
950 1642 1207 1695 episcopus
1264 1646 1530 1682 remaneret
1588 1638 1756 1680 habilis
1809 1651 1866 1678 ex
1913 1647 1990 1681 186¹’

553 1712 774 1753 thesauro
814 1711 1006 1752 Domini
1038 1717 1086 1752 et
1114 1710 1218 1765 quis
1249 1715 1514 1751 remaneret
1545 1722 1722 1750 vacuus
1765 1717 1928 1762 pre-20

555 1782 705 1822 scisso
740 1795 918 1837 organo
952 1787 1000 1822 et
1043 1780 1200 1822 officio
1234 1781 1419 1834 laycali3
1465 1785 1513 1821 et
1543 1779 1667 1820 forte
1697 1777 1870 1832 reperi-

553 1858 716 1892 rentur
736 1853 897 1905 plures
919 1857 1137 1905 pastores
1161 1850 1339 1892 cesarei
1362 1864 1501 1904 quam
1522 1850 1689 1890 fideles
1711 1847 1873 1888 vicarii

556 1921 731 1962 domini
751 1922 898 1973 Jhesu
923 1921 1108 1963 Christi.
1141 1921 1203 1962 Et
1233 1920 1407 1961 utinam
1438 1919 1543 1960 talis
1574 1916 1873 1961 discernendi

553 1991 838 2033 monstracio
871 1991 1000 2032 foret
1030 1990 1164 2033 facta.

825 2201 1248 2264 CAPITULUM
1290 2200 1606 2263 SEXTUM.
1888 2228 1928 2260 25

616 2352 828 2407 Septima
873 2353 995 2394 facta
1040 2351 1282 2393 sentencia
1312 2350 1628 2404 premittenda
1661 2354 1735 2390 est
1763 2350 1870 2388 hec:

267 2433 381 2459 human
403 2440 535 2468 powers,
557 2422 689 2464 Sicut
710 2423 863 2463 nullus
886 2422 1210 2475 apostolorum
1223 2420 1573 2461 habuittantam
1589 2423 1872 2472 potestatem

279 2474 337 2494 nor
358 2468 412 2494 has
433 2475 523 2502 every

298 2509 378 2537 pope
399 2502 435 2529 ³¹1
458 2501 507 2529 the
558 2498 776 2546 quantam
798 2492 959 2532 habuit
975 2491 1186 2532 Christus
1207 2490 1486 2539 humanitus,
1510 2489 1577 2529 sic
1599 2502 1687 2528 nec
1711 2501 1872 2528 omnes

630 2673 657 2692 2.
679 2665 701 2692 B
722 2665 750 2692 in
774 2672 888 2699 marg:
909 2672 942 2698 3.
1016 2664 1043 2691 6.
1066 2663 1119 2691 AB
1145 2664 1174 2690 in
1197 2670 1312 2698 marg:
1340 2662 1484 2689 Pastor-es
1509 2661 1618 2689 dehent
1642 2669 1706 2688 esse
1731 2660 1874 2688 doctores

556 2712 670 2747 plebem
684 2712 822 2747 exemplo
837 2714 867 2738 et
878 2711 970 2739 verbo
985 2711 1139 2738 docentes.
1209 2718 1246 2737 11.
1263 2710 1476 2744 intellig-amus·
1491 2708 1576 2735 deest
1590 2708 1619 2735 in
1635 2708 1726 2735 codd.
1742 2707 1871 2734 Addidi.

561 2766 603 2792 14.
625 2758 688 2786 ait:
709 2758 745 2785 B:
767 2758 848 2793 agit.
924 2757 972 2785 25.
993 2759 1020 2784 A
1042 2757 1071 2784 in
1093 2764 1207 2791 marg:
1229 2755 1261 2783 C.
1283 2755 1328 2783 Vl.
1402 2755 1452 2782 26.
1473 2754 1621 2790 B:sacta
1643 2754 1737 2781 deest.

626 2840 656 2874 6.
684 2842 731 2874 St.
758 2841 940 2882 Augustini
973 2841 1012 2873 E.
1040 2840 1081 2871 ad
1115 2839 1309 2879 Paulinum7
1343 2839 1405 2880 Ep.
1438 2838 1583 2872 CXLIX.
1612 2838 1703 2879 Opp.
1729 2843 1814 2869 tom.
1834 2837 1872 2880 11,

559 2907 635 2940 pag.
664 2897 741 2931 508.
