2078 3338
274 275 354 311 314

289 1280 476 1308 Ordination
499 1280 537 1315 by

281 1324 297 1343 a
317 1316 428 1349 simple
449 1315 543 1350 priest

345 1358 415 1385 may
438 1350 473 1376 be

327 1385 489 1412 sufficient.

994 267 1219 300 JOHANNIS
1245 267 1431 298 WYCLIF
1699 254 1807 308 [CAP.
1825 263 1876 291 XI.

559 374 700 415 Unde
732 373 943 414 notando
975 377 1173 426 peccata
1211 371 1279 412 sic
1317 370 1636 411 ordinancium
1675 375 1722 411 et
1754 370 1879 411 dicta

561 449 828 485 sanctorum
861 442 919 482 de
952 441 1165 495 symonia
1197 440 1412 494 episcopi
1455 439 1711 480 ordinantis
1741 439 1880 493 pauci

561 514 639 553 vel
670 512 782 553 nulli
814 512 971 552 forent
1003 510 1161 551 clerici
1193 523 1218 550 a
1239 510 1422 563 prelato
1448 522 1639 550 cesareo
1664 496 1877 550 ordinati.

562 583 677 623 Ideo
721 595 818 622 non
863 581 1092 621 debemus
1136 580 1301 620 timere
1347 579 1405 619 de
1437 578 1622 625 talibus,
1668 579 1777 619 dum
1809 591 1879 618 se-

564 653 767 693 cundum
810 664 974 705 puram
1019 649 1362 690 conscienciam
1395 648 1454 689 de
1485 648 1621 688 iustis
1655 648 1913 701 operibus5

563 723 872 763 observamus
906 719 1118 761 ordinem
1151 718 1424 770 clericalem,
1464 717 1573 771 quia
1603 722 1715 758 tunc
1746 717 1879 757 Deus

564 792 756 845 supplet
781 791 934 831 vicem
967 789 1185 843 episcopi
1218 793 1266 829 et
1297 787 1451 828 omnia
1488 801 1581 841 que
1619 791 1881 840 sequuntur

564 875 626 901 ex
656 860 759 901 istis
793 865 902 900 sunt
928 858 1163 912 intrepide
1188 858 1505 907 concedenda,
1537 862 1590 897 ut
1612 856 1881 896 confessum

561 931 609 971 in
642 930 775 984 gravi
803 928 807 975 Ι
834 928 1101 970 infirmitate
1148 928 1205 968 de
1249 932 1450 981 peccato
1494 940 1581 980 pro
1614 939 1708 980 quo
1741 926 1881 966 sedes
1921 930 2001 973 239⁰

565 999 830 1053 apostolica
860 999 987 1039 foret
1016 998 1239 1051 petenda,
1273 998 1381 1037 dum
1415 996 1646 1037 contritus
1672 994 1813 1035 fuerit
1835 999 1883 1035 et
1902 1009 1941 1030 10

564 1069 855 1111 satisfaciens
918 1067 1259 1108 convalescens
1310 1080 1406 1106 non
1464 1070 1658 1119 oportet
1715 1069 1882 1118 petere

562 1140 822 1181 Romanam
861 1138 1034 1179 curiam
1066 1137 1143 1177 vel
1175 1137 1408 1190 prelatum
1447 1149 1591 1189 supra
1622 1134 1883 1188 simplicem

565 1209 872 1251 sacerdotem.

621 1279 682 1319 Et
731 1278 900 1319 iterum
953 1276 1217 1317 ordinatum
1260 1289 1349 1329 per
1391 1288 1533 1315 unum
1585 1274 1883 1315 sacerdotem

563 1348 825 1402 simplicem
868 1361 960 1387 non
1006 1351 1199 1400 oportet
1240 1346 1408 1386 timere
1461 1345 1520 1385 de
1563 1343 1940 1397 presbiteratu15

562 1419 641 1460 vel
686 1418 796 1458 alias
845 1416 1063 1469 ordinari,
1111 1416 1220 1456 dum
1264 1421 1420 1456 tamen
1462 1415 1552 1455 rite
1586 1413 1755 1454 fecerit
1786 1412 1883 1453 offi-

564 1488 685 1529 cium
730 1486 961 1537 clericale,
1015 1485 1126 1539 quia
1170 1484 1342 1525 sufficit
1386 1485 1596 1538 prudens
1638 1483 1883 1536 reputacio

565 1571 669 1598 cum
714 1556 931 1610 diligenti
963 1555 1133 1596 officio.
1183 1555 1318 1595 Deus
1363 1554 1485 1594 enim
1527 1559 1639 1594 tunc
1677 1553 1883 1606 supplet,

565 1627 672 1681 quia
724 1626 856 1667 aliter
907 1624 1106 1679 quilibet
1148 1624 1386 1678 recipiens
1433 1628 1774 1664 sacramentum
1825 1622 1884 1661 de

565 1711 651 1738 suo
684 1695 933 1751 preposito
965 1695 1225 1736 fluctuaret.
1278 1694 1380 1735 Nec
1425 1693 1648 1734 convenit
1687 1693 1885 1746 aliquem
1902 1703 1943 1724 20

564 1779 839 1821 presumere
863 1765 989 1819 quod
1009 1763 1275 1805 immediate
1296 1762 1469 1817 recipit
1495 1762 1706 1803 ordinem
1734 1774 1884 1803 sacer—

567 1838 772 1878 dotalem
817 1848 842 1875 a
878 1835 1000 1888 Deo,
1045 1834 1168 1874 sicut
1204 1833 1422 1874 fecerunt
1452 1833 1651 1886 Moyses
1695 1836 1743 1872 et
1775 1844 1884 1885 apo-

566 1905 687 1957 stoli,
731 1905 845 1945 licet
888 1903 1088 1944 concedi
1131 1904 1317 1954 debeat,
1364 1902 1493 1956 quod
1535 1901 1693 1942 taliter
1722 1906 1886 1954 potest

566 1989 685 2026 esse,
730 1975 839 2029 quia
882 1974 983 2015 sine
1014 1972 1317 2014 revelacione
1348 1972 1415 2013 sic
1446 1984 1723 2026 presumere
1760 1970 1886 2011 foret

566 2045 771 2087 stulticia
814 2045 1103 2095 scandalosa;
1155 2056 1265 2097 ymo
1309 2042 1497 2083 videtur
1563 2042 1692 2095 quod
1741 2042 1883 2081 homo
1900 2047 1941 2080 25

564 2115 731 2170 pocius
746 2120 993 2169 pateretur
1007 2113 1266 2168 symoniam
1280 2111 1529 2166 prepositi,
1552 2111 1712 2152 dicens
1730 2116 1885 2151 tamen

567 2185 799 2229 ordinanti
840 2183 1103 2238 periculum
1147 2182 1227 2236 qui
1259 2182 1324 2223 sic
1357 2186 1589 2222 mercatur
1622 2194 1725 2220 cum
1756 2179 1886 2220 mini-

567 2256 712 2297 sterio
765 2253 1055 2304 sacramenti,
1107 2266 1247 2306 quam
1298 2257 1475 2292 temere
1528 2250 1790 2291 confideret
1838 2248 1887 2288 in

566 2324 831 2367 insensibili
860 2322 954 2364 Dei
987 2321 1288 2363 ordinacione
1321 2321 1495 2361 mundo
1531 2319 1812 2361 abscondita.

625 2395 680 2436 In
711 2394 814 2435 istis
847 2398 1005 2433 tamen
1035 2391 1331 2433 illusionibus
1363 2390 1654 2444 prelatorum
1688 2393 1887 2442 propter
1902 2396 1944 2429 30

567 2464 864 2506 manifestam
916 2468 964 2504 et
1021 2475 1271 2504 onerosam
1329 2459 1673 2501 multitudinem
1728 2457 1885 2498 incon-

567 2534 866 2575 veniencium
910 2538 1103 2586 oportet
1147 2531 1348 2572 divinam
1378 2528 1611 2570 iusticiam
1646 2528 1776 2582 ipsas
1809 2527 1885 2567 de-

568 2610 735 2658 tegere
769 2608 817 2643 et
849 2615 1035 2643 errores
1067 2601 1207 2642 modo
1231 2599 1537 2641 absconditos
1559 2603 1776 2651 tempore
1799 2609 1884 2637 suo

570 2674 829 2715 destruere.
891 2672 1040 2713 Modo
1086 2670 1208 2712 enim
1241 2675 1460 2711 servatur
1493 2674 1545 2710 ut
1577 2666 1885 2721 evangelium,

638 2865 665 2889 4.
688 2857 717 2882 A
737 2855 768 2883 in
789 2863 902 2890 marg:
926 2854 1159 2891 Cavefoveam.
1235 2853 1283 2887 34.
1312 2854 1333 2881 B
1354 2853 1384 2881 in
1406 2860 1520 2887 marga
1544 2852 1680 2879 Ordines
1705 2851 1886 2878 clericorum

567 2909 711 2937 qumque.
