2078 3338
252 278 330 316 392
977 272 1202 304 JOHANle
1227 272 1413 303 WYCLIF
1660 259 1766 315 [(ῑΑΡ.
1793 269 1857 297 xu.

541 391 707 419 servus
752 376 942 417 timeret
985 376 1075 417 sibi
1120 376 1395 429 expendere
1436 377 1728 429 corporalem
1762 377 1860 417 the-

541 461 727 489 saurum
772 446 948 487 domini
991 446 1298 497 dominorum,
1357 451 1405 486 et
1449 446 1720 499 specialiter
1757 460 1861 500 pre-

541 517 770 559 sumendo
792 515 1022 557 blasfeme
1043 520 1334 569 potestatem
1351 520 1398 555 et
1417 515 1607 556 modum
1621 515 1862 569 proprium

539 587 644 641 regi
674 600 853 640 regum,
894 599 998 626 cum
1031 585 1154 625 enim
1186 584 1290 625 talis
1324 598 1418 624 non
1456 584 1691 625 humiliter
1723 586 1863 626 intrat

540 670 626 711 per
678 655 862 705 ostium,
922 656 1008 696 sed
1059 654 1271 696 ascendit
1323 657 1529 707 superbe
1590 654 1891 708 dirumpens-5

540 732 719 768 tectum
771 725 975 765 ecclesie
1028 725 1281 775 caritatem,
1336 729 1383 764 et
1429 724 1713 777 sophisticat
1764 726 1858 764 the-

543 809 732 838 saurum
763 794 966 844 Domini,
1011 800 1158 836 restat
1201 799 1252 834 ut
1294 794 1342 834 in
1379 793 1504 834 finali
1540 793 1712 835 iudicio
1754 807 1859 835 con-

545 867 841 919 dempnetur.

271 933 509 1003 {iirgssggfffgf
600 934 863 976 Undecima
894 934 1058 974 abusio
1093 939 1166 974 est
1198 933 1326 987 quod
1347 946 1473 986 papa
1498 932 1545 972 in
1574 933 1860 986 preficiendo

283 1003 492 1031 ⁵⁶³¹s¹⁵¹¹⁰¹¹d⁵·
545 1006 690 1045 duces
735 1003 973 1045 christiani
1017 1003 1256 1044 exercitus
1301 1007 1466 1042 contra
1506 1002 1775 1055 dyabolum,
1817 1001 1920 1041 in10

544 1073 853 1128 preiudicium
878 1073 1049 1114 Christi
1072 1077 1290 1126 acceptat
1317 1085 1548 1126 personas
1571 1072 1649 1112 vel
1670 1071 1863 1125 respicit

546 1159 680 1185 suum
725 1144 1021 1184 commodum
1064 1142 1340 1196 temporale.
1391 1140 1546 1182 Nichil
1593 1141 1713 1182 enim
1760 1155 1859 1182 con·

545 1214 761 1256 vinceret
813 1213 1089 1254 evidencius
1133 1212 1262 1266 quod
1305 1211 1436 1252 venit
1486 1211 1702 1264 proditor
1734 1210 1862 1250 Anti-

548 1284 762 1335 christus,
801 1296 905 1323 curn
939 1283 1138 1324 subdole
1172 1282 1356 1322 seducit
1396 1281 1696 1321 christianum
1731 1294 1861 1321 exer-

549 1354 690 1395 citum
727 1366 814 1406 per
852 1353 1132 1406 capitaneos
1172 1351 1402 1393 subdolos
1446 1356 1578 1391 secte
1617 1364 1716 1400 sue,
1755 1363 1862 1404 ymo
1885 1355 1920 1387 15

548 1437 652 1464 cum
675 1422 888 1464 Christus
919 1423 967 1462 in
997 1422 1232 1475 paciendo
1258 1420 1430 1474 accipit
1453 1420 1863 1460 denominaciones

549 1495 862 1535 membrorum
887 1505 1090 1541 suorum,
1121 1498 1171 1531 ut
1192 1496 1325 1544 patet
1346 1490 1509 1530 Matth.
1533 1489 1695 1541 XXV,
1727 1490 1863 1529 mani-

547 1563 719 1603 festum
765 1566 838 1602 est
869 1562 997 1615 quod
1033 1560 1209 1610 falsius,
1248 1560 1449 1613 nequius
1489 1566 1535 1599 et
1566 1558 1868 1612 multiplicius

549 1645 686 1685 quam
719 1630 936 1672 Scarioth
981 1630 1325 1671 crudelioribus
1372 1629 1591 1670 hostibus
1635 1628 1757 1681 legis
1791 1642 1869 1668 ve-

546 1701 660 1743 teris
689 1700 693 1757 l
722 1702 911 1742 tradunt
955 1700 1202 1750 Christum,
1249 1705 1300 1740 ut
1342 1699 1495 1752 tangit
1535 1698 1868 1752 Crysostomus
1908 1702 1987 1733 258⁶

549 1770 730 1813 Omelia
761 1770 962 1811 XXVII
996 1770 1169 1823 Operis
1203 1768 1487 1823 Imperfecti.

261 1846 305 1900 ¹1²&
327 1838 515 1908 ἓῇἕζὸἑῑῐξῇῃ
606 1841 900 1882 Duodecima
922 1840 1089 1881 abusio
1115 1845 1189 1880 est
1205 1840 1335 1893 quod
1355 1852 1481 1892 papa
1495 1843 1588 1878 tam
1602 1838 1648 1878 in
1663 1851 1869 1891 persona

260 1909 335 1936 deed
357 1909 533 1972 ‘gg-hssst's
549 1925 631 1952 sua
676 1924 816 1964 quam
858 1910 905 1950 in
950 1910 1046 1950 suis
1087 1909 1287 1963 satrapis
1325 1908 1537 1949 innititur
1578 1913 1672 1948 tam
1712 1908 1868 1948 studio

549 1994 686 2034 quam
716 1980 854 2034 praxi
894 1980 1136 2021 contrariis
1169 1979 1266 2032 legi
1299 1978 1484 2028 Christi,
1525 1991 1629 2018 cum
1668 1979 1746 2018 lex
1778 1977 1872 2017 Dei

551 2056 598 2091 et
630 2064 705 2091 ars
739 2050 931 2090 curandi
963 2063 1046 2090 sua
1076 2048 1385 2102 postponitur
1408 2054 1455 2088 et
1483 2061 1555 2088 ars
1579 2060 1773 2087 cesarea
1794 2047 1926 2087 ve125

549 2119 899 2160 antichristiana
929 2119 1176 2160 inducitur.
1210 2119 1270 2159 Et
1300 2118 1441 2158 istum
1469 2119 1666 2157 abusum
1693 2116 1870 2170 Grego-

548 2191 645 2231 rius
678 2203 796 2243 sepe
830 2189 1136 2243 conquiritur,
1170 2189 1293 2229 unde
1327 2187 1515 2228 mandat
1545 2187 1667 2228 libro
1691 2187 1738 2227 II
1772 2201 1872 2240 cap.

550 2260 724 2313 primo:
764 2259 894 2312 Quod
924 2263 1071 2300 mesor
1101 2259 1157 2299 sit
1188 2271 1276 2311 pre
1305 2259 1475 2298 cunctis
1497 2254 1874 2309 contemplacione

551 2342 798 2382 suspensus
828 2330 1132 2381 internorum,
1166 2340 1329 2368 cummi
1364 2328 1410 2367 in
1439 2327 1711 2367 exteriorum
1742 2338 1871 2366 occu—

548 2400 741 2452 pacione
762 2411 851 2439 uon
875 2399 1097 2439 ›nzz'mzeus
1123 2397 1236 2438 Cum
1262 2397 1381 2437 enim
1404 2395 1651 2449 predicare
1674 2397 1872 2435 verbum
1890 2402 1930 2433 '30

553 2468 646 2509 Dei
679 2472 727 2508 et
760 2480 922 2508 curare
956 2467 1129 2507 animas
1159 2466 1417 2506 secundum
1440 2470 1585 2505 artem
1611 2464 1781 2504 Christi
1814 2465 1873 2505 sit

554 2537 836 2592 precipuum
880 2551 1006 2591 pape
1052 2537 1271 2587 officium,
1315 2541 1448 2589 patet
1493 2536 1621 2588 quod
1667 2535 1725 2574 ad
1767 2548 1872 2574 eum

556 2612 743 2661 spectat
766 2606 967 2648 dimissis
992 2607 1113 2648 curis
1136 2606 1337 2647 terrenis
1355 2609 1504 2646 verbo
1530 2604 1595 2644 illi
1617 2604 1874 2644 intendere.

555 2677 617 2719 Et
646 2677 769 2718 idem
804 2677 953 2718 credit
984 2677 1074 2718 iste
1108 2681 1298 2718 sanctus
1329 2676 1376 2716 in
1407 2675 1586 2716 monitu
1616 2674 1738 2729 legis
1769 2674 1875 2716 Dei.

629 2869 655 2896 7.
678 2863 721 2889 A:
744 2861 858 2888 iudicio
880 2861 909 2888 in
926 2869 1022 2896 marg.
1043 2861 1176 2888 additur.
1251 2869 1278 2895 ς).
1296 2860 1396 2887 Codd.
1412 2860 1440 2886 in
1458 2867 1572 2893 marg:
1597 2862 1630 2885 11.
1708 2866 1756 2885 22.
1776 2857 1875 2884 (lodd.

559 2907 587 2934 in
617 2915 729 2942 marg:
751 2911 792 2936 12.
868 2906 917 2935 30.
941 2907 978 2935 ss:
999 2915 1060 2935 non
1082 2907 1176 2935 deest.
