2078 3338
242 254 323 303 388
960 260 1185 292 JOHANNIS
1211 259 1396 292 WYCLHJ
1644 248 1750 299 [CAP.
1776 257 1840 284 xn.

530 367 647 407 Ideo
692 366 949 407 secundum
983 364 1327 405 Bernhardum:
1361 363 1487 404 Nihil
1511 364 1723 405 intoxicat
1748 365 1844 405 ani-

531 449 661 477 mani
688 448 811 489 pape
837 436 946 488 plns
977 448 1116 487 qnam
1149 434 1421 475 dominandi
1451 434 1599 475 libido.

259 515 497 577 bogtisslucxgith
589 505 768 558 Quarta
812 506 939 558 quod
982 518 1112 558 papa
1155 504 1214 544 sit
1259 503 1356 543 dux
1398 504 1600 556 loquens
1640 503 1844 556 grandia,

343 558 418 612 littfi'e
529 575 875 628 magnificando
900 587 1028 614 suam
1050 573 1325 627 potenciam
1345 578 1392 612 et
1412 572 1589 612 faciens
1610 572 1844 612 modicum

268 619 496 654 pmformance.
528 645 575 685 in
599 644 784 685 effectu.
811 644 887 683 Ex
907 644 1015 684 hinc
1037 643 1197 697 itaque
1221 643 1365 683 docet
1386 645 1554 684 beatus
1572 641 1844 695 Gregorius,
1862 655 1878 687 5

529 720 581 754 ut
601 719 735 768 patet
754 713 924 754 XCIX
947 712 1276 753 distinccione:
1316 711 1444 764 Quod
1463 724 1589 764 papa
1615 724 1702 751 non
1725 711 1846 751 debet

528 785 686 824 vocari
717 784 992 824 universalis
1023 784 1273 835 episcopus.
1326 781 1430 821 Hec
1470 781 1590 821 enim
1630 786 1702 820 est
1737 793 1843 820 con-

531 854 652 894 dicio
685 852 977 903 Antichristi,
1022 865 1126 892 cum
1167 851 1380 892 Christus
1425 850 1553 904 cepit
1596 849 1753 890 facere
1798 855 1846 889 et

531 924 717 972 docere,
763 923 920 962 celans
959 935 1088 962 suam
1126 920 1407 974 potenciam,
1445 919 1534 959 nisi
1573 920 1631 958 de
1669 924 1844 972 quanto

531 998 604 1033 est
640 991 953 1033 necessarium
995 991 1146 1045 ipsam
1190 991 1420 1042 detegere
1466 995 1514 1029 et
1558 988 1751 1028 credere
1790 989 1904 1031 adro

531 1063 740 1103 salutem.
764 1062 974 1103 Mendax
989 1066 1143 1101 autem
1165 1059 1419 1114 potestatis
1435 1058 1646 1099 ostensio
1668 1057 1847 1098 inducit

529 1131 774 1185 perfidiam
805 1129 1097 1172 Antichristi.

259 1218 284 1242 5-
305 1209 501 1243 Encourage-
591 1201 763 1254 Quinta
780 1202 904 1255 quod
925 1214 1063 1254 papa,
1087 1200 1275 1240 dimissa
1298 1204 1397 1239 arte
1418 1196 1637 1252 paciendi
1657 1196 1847 1237 iniurias

269 1248 499 1313 {ngggitacsliviari'
534 1277 581 1312 et
616 1271 743 1311 facta
781 1270 1055 1323 evangelica
1083 1269 1086 1324 Ι
1115 1268 1369 1309 inducendi
1405 1268 1620 1308 timorem
1662 1266 1846 1306 filialem
1886 1278 1967 1320 257c

257 1313 507 1383 sffipJgOcZXf-eirns
534 1341 772 1392 subiectis,
803 1340 1028 1380 innitatur
1052 1338 1304 1379 crudeliter
1326 1337 1500 1391 pugnis
1524 1335 1847 1389 corporalibus
1867 1348 1903 1380 15

534 1416 582 1451 et
612 1410 833 1451 vindictis
871 1422 967 1449 non
1005 1409 1156 1449 solum
1192 1407 1240 1447 in
1279 1420 1420 1447 causa
1452 1405 1625 1447 Christi
1662 1406 1720 1445 ad
1750 1405 1847 1445 vin-

533 1481 777 1521 dicandum
822 1492 930 1520 suas
972 1478 1177 1528 iniurias,
1223 1477 1309 1519 sed
1351 1476 1581 1530 precipue
1625 1475 1673 1516 in
1712 1488 1849 1516 causa

530 1550 724 1604 propria
754 1550 814 1590 ad
844 1548 1235 1602 magnificandum
1267 1560 1373 1587 suas
1405 1545 1667 1600 potencias,
1708 1550 1755 1584 et
1791 1545 1850 1584 ad

530 1622 621 1660 hoc
655 1620 831 1673 allegat
864 1617 1124 1673 Gregorius
1157 1617 1204 1657 II
1226 1617 1395 1658 Pastor
1434 1615 1514 1656 ubi
1552 1628 1703 1668 supra,
1735 1614 1849 1654 illud

530 1690 700 1730 Matth.
743 1688 932 1739 XXIV,
978 1691 1050 1739 48:
1109 1687 1236 1740 Qnod
1277 1688 1319 1727 si
1361 1687 1523 1726 dixerit
1573 1686 1726 1725 maliis
1777 1685 1850 1724 ille
1866 1706 1907 1727 20

529 1772 686 1801 servns
717 1760 764 1799 in
795 1759 929 1799 corde
959 1771 1061 1799 sno:
1098 1757 1285 1798 Moram
1311 1755 1434 1808 facit
1465 1755 1693 1796 Dominus
1723 1767 1851 1794 inens

531 1830 696 1880 venire,
719 1833 757 1869 et
777 1830 943 1881 ceperit
958 1830 1196 1881 percntere
1217 1838 1452 1867 conservos
1472 1838 1592 1874 snos,
1623 1824 1851 1866 Dominus

531 1912 643 1940 snus
696 1899 929 1951 inopinate
972 1898 1113 1938 veniet
1157 1901 1195 1937 et
1231 1900 1364 1949 ponet
1394 1899 1579 1949 partem
1621 1896 1716 1935 eins
1748 1906 1850 1934 cuin

520 1968 757 2021 ypocritis.
808 1967 934 2008 Inter
959 1967 1212 2020 ypocritas,
1252 1965 1416 2018 inquit,
1454 1965 1556 2005 iure
1593 1965 1850 2017 deputatur,

532 2039 609 2090 qni
631 2050 681 2078 ex
699 2037 999 2078 simulacione
1020 2036 1258 2088 discipline
1279 2034 1588 2075 ministerium
1611 2032 1852 2085 regiminis
1867 2043 1906 2074 25

533 2108 664 2148 vertit
684 2108 733 2147 in
755 2119 891 2147 nsnm
914 2103 1260 2147 dominacionis.
1283 2102 1551 2144 Deficiente
1575 2101 1697 2142 enim
1721 2100 1850 2154 spiri—

534 2177 649 2217 tuali
680 2183 908 2217 armatura
946 2181 993 2216 et
1029 2174 1297 2228 specialiter
1333 2173 1492 2227 gladio
1531 2172 1736 2226 spiritus,
1773 2184 1850 2211 ne-

537 2260 671 2287 cesse
711 2252 783 2287 est
821 2246 951 2300 quod
987 2258 1112 2299 papa
1150 2257 1369 2285 cesareus
1406 2242 1630 2283 innitatur
1659 2240 1851 2294 refrige-

536 2316 778 2358 scentibus
823 2316 960 2356 armis
1003 2315 1217 2355 timorem
1262 2313 1483 2355 servilem
1518 2310 1852 2353 inducentibus

535 2391 820 2441 prepostere
853 2391 1017 2426 contra
1049 2384 1296 2426 Christum.
1869 2392 1910 2425 30

248 2460 521 2525 {lgffiuttgoglilzlgd
596 2455 745 2498 Sexta
777 2456 905 2509 quod
936 2467 1061 2508 papa
1093 2457 1293 2507 appetat
1326 2450 1553 2492 dominari
1579 2451 1751 2491 nedum
1773 2463 1851 2502 pe-

506 2517 511 2522 *
538 2526 673 2566 cunia
702 2531 749 2566 et
775 2524 953 2579 prediis
985 2523 1070 2564 sed
1093 2522 1188 2563 suis
1210 2521 1445 2567 fratribus,
1477 2534 1573 2561 non
1595 2519 1853 2560 secundum

536 2595 786 2646 racionem,
825 2608 916 2648 qua
954 2593 1212 2634 similantur
1247 2591 1414 2632 bestiis
1447 2592 1505 2631 ad
1534 2588 1852 2632 brutalitatem

608 2744 636 2773 3.
658 2744 775 2772 eodm:
795 2743 844 2771 IV.
921 2742 964 2770 13.
985 2741 1084 2770 codd.
1114 2743 1143 2769 in
1171 2749 1286 2776 marga
1305 2741 1337 2768 5.

613 2840 639 2864 1.
673 2831 719 2863 St.
752 2829 919 2861 Bernardi
959 2828 1010 2859 De
1048 2825 1344 2858 Consideracione
1377 2824 1429 2865 ΙΙΙ,
1467 2834 1493 2856 1.
1611 2822 1643 2856 6.
1677 2823 1760 2864 Cap.
1799 2822 1852 2855 Ill.

538 2889 682 2922 Primae
708 2888 818 2922 Sedis.
