2078 3338
269 295 285 321 2
296 296 348 333 94
987 288 1213 321 JOHANle
1241 285 1422 318 WYCLIF
1696 274 1802 325 [CAP.
1825 281 1878 308 Xl.

555 396 603 435 in
627 394 829 435 ecclesia
861 393 1134 446 apostolica,
1168 397 1216 432 et
1246 398 1356 431 tunc
1391 389 1541 430 crevit
1562 388 1773 442 ecclesia,
1806 388 1873 428 sic

555 469 721 518 posset
744 477 849 503 esse
871 462 1014 503 hodie
1045 462 1104 502 ad
1130 461 1353 501 maiorem
1381 458 1626 499 utilitatem
1660 457 1872 499 ecclesie.

615 533 904 574 Conceditur
925 538 1094 582 tamen,
1128 531 1256 584 quod
1291 543 1352 569 ex
1384 529 1477 577 illo,
1512 528 1634 569 sicut
1666 541 1726 567 ex
1759 540 1870 580 quo-

554 603 671 643 libet
727 603 848 642 malo
907 603 1108 655 quedam
1165 598 1361 654 propria
1423 597 1597 638 utilitas
1660 596 1873 637 succedit

557 671 777 713 ecclesie.
822 669 920 711 Sed
951 675 1018 721 (ut
1049 677 1152 711 utar
1182 667 1343 709 verbis
1378 666 1620 720 Apostoli)
1654 665 1775 706 absit
1819 670 1904 707 ut5

555 741 632 781 illa
663 741 784 780 mala
816 740 907 780 sint
938 746 1190 793 propterea
1221 738 1446 779 facienda.

291 819 506 889 ltk{{pW{J,¹0}1⁰
615 810 824 851 Ulterius
858 810 1132 850 conceditur
1171 808 1300 862 quod
1333 806 1630 847 observanda
1674 810 1747 845 est
1777 805 1871 844 lau-

293 890 520 951 ctffltgemasfebgft
558 879 726 921 dabilis
773 880 1067 919 consuetudo
1108 877 1322 924 ecclesie,
1374 876 1487 917 licet
1536 888 1631 916 non
1682 874 1743 914 sit
1793 887 1870 913 ex-

308 962 501 1027 imprgpgnoe
556 949 717 1004 plicita
748 950 834 989 sed
863 948 1088 1002 implicita
1108 948 1157 988 in
1189 947 1432 1000 scriptura,
1466 945 1575 999 quia
1606 944 1754 985 minus
1788 941 1870 982 dif-

316 1028 490 1089 {³²2¹ssssssoe
557 1020 660 1059 fusa
692 1024 739 1059 et
771 1031 973 1058 onerosa
1004 1018 1130 1058 foret
1160 1018 1241 1057 lex
1274 1016 1456 1067 Christi,
1488 1016 1528 1056 si
1560 1027 1722 1055 omnes
1755 1014 1871 1054 tales
1892 1033 1930 1053 10

302 1070 498 1160 egigined'qyin
555 1088 683 1140 ritus,
728 1101 840 1128 usus
885 1089 963 1128 vel
1008 1087 1373 1129 consuetudines
1416 1086 1574 1126 forent
1615 1085 1662 1125 in
1708 1098 1762 1125 ea
1794 1098 1872 1124 ex-

344 1137 488 1167 Crlpmle'
556 1171 734 1212 presse.
757 1157 874 1198 Ideo
899 1159 1187 1199 credendum
1211 1163 1284 1197 est
1307 1157 1435 1210 quod
1451 1155 1654 1209 Spiritus
1666 1153 1871 1195 Sanctus

555 1228 880 1269 necessariora
926 1228 1127 1269 ecclesie
1178 1226 1428 1280 expressit,
1474 1231 1521 1266 et
1563 1224 1742 1265 leviora
1785 1226 1871 1264 sub

558 1299 762 1352 quodam
796 1298 993 1338 confuso
1026 1298 1271 1338 involucro
1305 1295 1441 1336 simul
1472 1295 1607 1342 texit,
1652 1300 1704 1336 ut
1739 1301 1873 1349 patet

556 1367 706 1421 prima
758 1366 860 1409 Cor.
892 1367 1016 1407 XIV
1068 1378 1145 1418 403
1201 1366 1313 1406 dicit
1365 1365 1556 1419 spiritus
1607 1378 1687 1416 per
1738 1378 1872 1405 suum
1891 1369 1928 1402 15

555 1438 863 1491 Apostolum:
903 1436 1072 1478 Omma
1102 1438 1277 1478 honeste
1309 1439 1347 1477 et
1377 1436 1624 1477 secundum
1664 1436 1871 1475 ordinem

543 1509 679 1559 fiant.
714 1507 764 1547 In
801 1521 894 1560 quo
925 1506 1226 1547 includuntur
1260 1519 1422 1546 omnes
1455 1519 1568 1546 usus
1592 1504 1791 1545 ecclesie
1823 1504 1871 1545 in

557 1577 755 1617 dicendo
800 1576 1064 1626 servicium,
1111 1589 1270 1618 omnes
1313 1576 1431 1615 ritus
1476 1575 1691 1615 ordinum
1721 1574 1870 1627 priva-

556 1653 725 1700 torum⁷
770 1651 818 1686 et
859 1645 1072 1686 breviter
1115 1646 1264 1686 omnis
1310 1645 1605 1686 consuetudo
1645 1644 1871 1685 clericalis

556 1717 633 1757 vel
663 1715 856 1770 laycalis
883 1715 1141 1756 laudabilis.
1173 1715 1233 1756 Et
1262 1715 1310 1756 in
1340 1715 1431 1756 isto
1464 1719 1643 1768 puncto
1667 1713 1872 1767 surrepit
1887 1734 1929 1756 20

556 1785 702 1826 maior
732 1785 1057 1840 irreligiositas
1079 1785 1247 1839 populi
1274 1789 1278 1835 Ι
1308 1784 1557 1831 christiani,
1593 1784 1722 1837 quod
1742 1788 1868 1837 post·
1910 1807 1990 1846 234⁰

555 1856 780 1909 ponendo
840 1855 1300 1908 preponderanciora
1361 1867 1588 1908 expressa
1646 1853 1693 1893 in
1759 1854 1870 1907 lege

555 1924 760 1976 Domini,
807 1925 1220 1978 preponderantur
1260 1924 1544 1965 tradiciones
1573 1929 1621 1964 et
1647 1923 1870 1964 adinven-

558 1994 718 2035 ciones
739 1995 951 2047 humane,
975 1995 1173 2048 quedam
1195 1994 1405 2035 heretice
1430 2000 1477 2034 et
1499 1994 1701 2047 quedam
1721 1993 1768 2033 in
1783 2006 1869 2033 suo

557 2064 720 2104 ordine
745 2066 1053 2106 observande.
1076 2063 1209 2106 Sicut
1230 2064 1351 2104 enim
1369 2064 1601 2118 scriptura
1624 2065 1764 2104 docet
1784 2078 1869 2104 nos
1888 2072 1927 2104 25

555 2133 647 2173 ista
702 2135 1112 2187 preponderanter
1159 2147 1466 2188 cognoscere,
1518 2134 1585 2174 sic
1635 2134 1872 2174 minimum

558 2216 839 2255 expressum
859 2203 906 2243 in
927 2204 1037 2256 lege
1059 2203 1251 2244 Domini
1275 2205 1530 2244 observare
1564 2206 1650 2244 sub
1681 2204 1871 2244 incursu

556 2272 742 2312 maioris
773 2286 897 2326 pene
944 2287 1080 2326 quam
1115 2273 1287 2327 aliquid
1326 2276 1453 2327 quod
1486 2280 1559 2315 est
1591 2288 1872 2328 expressum

557 2342 854 2395 singulariter
883 2342 931 2382 in
952 2356 1035 2383 usu
1063 2356 1244 2383 sacrum
1265 2345 1343 2383 vel
1374 2344 1491 2384 ritus
1524 2344 1703 2397 aliquos
1727 2344 1871 2385 eciam

559 2411 771 2451 ordinate
793 2411 843 2451 in
863 2412 1098 2467 religiosis
1121 2414 1198 2453 vel
1219 2413 1350 2454 laicis
1365 2420 1525 2467 preter
1544 2414 1684 2454 fidem
1701 2414 1872 2455 Christi
1888 2419 1929 2452 30

558 2494 834 2533 expressam
855 2482 1042 2522 noviter
1063 2482 1370 2525 introductos.
1402 2484 1462 2525 Et
1482 2484 1529 2524 in
1557 2484 1649 2525 isto
1684 2491 1872 2525 cecatur

559 2563 610 2590 ac
643 2557 862 2591 oneratur
907 2552 1105 2593 ecclesia
1149 2554 1268 2594 ultra
1298 2555 1500 2604 modum,
1546 2555 1656 2608 quia
1699 2556 1776 2596 vel
1807 2556 1869 2596 in-

557 2621 869 2661 troducuntur
889 2621 1177 2662 irracionalia
1190 2624 1268 2663 vel
1289 2623 1538 2664 racionalia
1560 2630 1668 2665 sunt
1681 2624 1870 2665 nimium

556 2690 828 2742 ponderata.
860 2690 998 2731 Unde
1032 2692 1276 2733 decretum
1307 2693 1407 2734 XII
1440 2694 1749 2735 distinccione
1782 2697 1869 2736 sub

630 2869 669 2894 15.
714 2861 814 2890 Codd.
860 2863 891 2890 in
930 2871 1046 2899 marg:
1088 2864 1348 2894 Consuetudinum
1385 2868 1585 2896 laudabilium
1612 2869 1866 2904 fundamentum.

559 2915 608 2942 29.
628 2915 770 2942 ,κτα-ατη,-
787 2908 828 2936 ita
848 2909 915 2937 cod.
