2078 3338
592 262 648 293 DE
677 262 956 294 POTESTATE
985 263 1039 293 ΡΑ
1047 263 1112 295 ΡΕ.

194 381 287 421 quo
331 366 525 420 fingitur
571 368 701 420 quod
743 367 910 407 melius
952 367 1082 408 foret
1124 368 1364 423 corrigere
1398 370 1510 411 cleri

192 437 470 491 cupidinem,
517 441 560 477 et
593 438 800 477 declarat
830 437 982 490 primo
1016 439 1256 491 quomodo
1280 439 1508 480 debemus

190 507 237 547 in
274 507 380 547 Deo
425 507 678 556 confidere,
723 507 934 547 secundo
981 508 1220 560 quomodo
1257 508 1391 549 Deus
1431 509 1511 550 dat

192 575 443 629 dupliciter
474 579 600 618 bona
632 589 715 616 sua
747 581 796 616 et
827 576 973 617 tercio
1016 578 1252 630 quomodo
1287 583 1360 618 est
1397 578 1508 619 dare

159 644 428 699 §duplicem
468 645 744 686 clericorum
778 644 1004 696 ordinem,
1048 645 1230 687 scilicet
1268 660 1508 688 cesareum

72 720 152 762 264c
192 719 240 755 et
262 714 481 756 divinum.
515 714 742 768 Quartum
770 720 1093 769 argumentum
1111 713 1114 771 Ι
1131 715 1285 768 tangit
1306 717 1365 756 de
1390 716 1508 758 iura-

189 789 348 825 mento
379 784 502 825 facto
517 783 734 825 Romane
752 784 954 825 ecclesie
988 790 1036 830 et
1064 785 1333 826 dissolvens
1355 786 1509 840 tangit

188 853 555 906 perplexitatem
593 853 794 894 ecclesie
834 859 975 907 atque
1012 854 1273 895 remedium
1308 855 1507 897 istorum

188 936 424 976 paparum.
477 922 701 976 Quintum
745 928 1070 978 argumentum
1115 923 1260 965 obicit
1296 938 1386 978 per
1428 925 1505 966 de-

136 1011 173 1032 10
190 998 368 1034 cretum
389 993 632 1047 Jeronymi
654 994 713 1033 de
737 993 1026 1034 excellencia
1047 993 1265 1034 Romane
1289 995 1505 1047 ecclesie,

189 1068 236 1103 et
280 1063 521 1104 declarans
577 1062 690 1116 quid
735 1068 807 1103 est
850 1062 1065 1103 Romana
1108 1063 1309 1104 ecclesia
1364 1066 1507 1106 docet

188 1132 315 1185 quod
335 1132 620 1185 Jeronymus
644 1131 930 1173 credibiliter
953 1138 998 1173 et
1025 1132 1295 1186 reputative
1317 1134 1504 1175 locutus

189 1207 273 1250 est,
315 1207 362 1241 et
399 1202 628 1242 narrando
668 1202 727 1241 de
764 1202 965 1242 novellis
997 1201 1245 1243 heresibus
1285 1207 1332 1242 et
1363 1202 1504 1243 fatuis

188 1285 345 1312 earum
376 1259 749 1324 imposicionibus
792 1271 930 1325 ponit
967 1271 1078 1325 quid
1114 1277 1186 1312 est
1223 1277 1272 1312 et
1306 1272 1505 1326 qualiter

133 1341 489 1382 15senciendum
523 1342 580 1380 de
610 1340 713 1381 istis
745 1341 897 1394 papiS.
944 1341 1144 1383 Sextum
1176 1348 1503 1394 argumentum

186 1416 259 1451 est
292 1411 467 1451 dictum
497 1410 677 1451 floridis
700 1411 1046 1465 Lynconiensis
1070 1412 1127 1452 de
1150 1412 1503 1465 preeminencia

183 1494 307 1534 pape
353 1486 401 1521 et
445 1480 745 1521 cardinalium
791 1482 920 1534 quod
963 1481 1114 1535 primo
1168 1481 1380 1535 exponit,
1433 1496 1500 1523 se-

185 1551 338 1590 cundo
386 1551 528 1590 docet
569 1550 819 1603 tripliciter
862 1551 990 1604 quod
1035 1564 1129 1591 non
1182 1556 1252 1592 est
1290 1557 1385 1592 tam
1422 1566 1500 1593 ne-

184 1619 415 1660 cessarius
438 1619 659 1660 articulus
681 1619 792 1660 fidei
824 1621 1019 1660 credere
1051 1621 1129 1661 isti
1161 1635 1300 1675 pape,
1332 1621 1380 1661 in
1407 1636 1499 1675 quo

126 1706 166 1727 20
183 1690 390 1729 declarat
422 1689 534 1742 quid
567 1695 642 1730 est
675 1690 808 1732 fides.
848 1690 1017 1730 Tercio
1047 1692 1219 1744 probat
1254 1691 1504 1744 tripliciter

183 1759 310 1812 quod
352 1759 463 1799 licet
506 1759 706 1800 subditis
751 1773 924 1813 papam
969 1760 1229 1813 corripere;
1286 1766 1334 1801 et
1379 1761 1503 1802 tollit

182 1828 420 1868 obiectum
452 1828 698 1881 triplicem.

240 1896 503 1951 Capitulum
547 1898 844 1939 undecimum
889 1899 1035 1940 obicit
1079 1899 1231 1953 primo
1271 1913 1359 1953 per
1409 1901 1499 1941 hoc

182 1968 310 2020 quod
334 1967 391 2007 de
415 1968 523 2021 lege
546 1973 711 2007 nature
736 1974 783 2008 et
803 1968 913 2023 lege
935 1969 1087 2009 veteri
1108 1975 1299 2022 oportet
1314 1969 1500 2010 unicum

123 2042 162 2075 25
181 2050 287 2078 esse
308 2042 540 2077 rectorem
577 2036 888 2090 principalem
931 2039 1145 2090 ecclesie,
1191 2044 1238 2078 et
1281 2039 1500 2080 dissolvit

180 2107 490 2147 concedendo
515 2106 878 2148 conclusionem.
912 2106 1009 2148 Sed
1030 2121 1120 2161 pro
1142 2108 1335 2148 materia
1359 2109 1500 2149 docet

177 2177 327 2230 primo
372 2177 611 2230 quomodo
662 2189 861 2217 necesse
907 2183 980 2218 est
1018 2190 1125 2218 esse
1162 2191 1332 2231 papam
1372 2191 1497 2218 cesa-

176 2259 319 2296 reum,
359 2253 406 2286 et
438 2245 733 2299 distinguens
768 2246 826 2286 de
860 2246 1036 2300 duplici
1073 2252 1272 2300 peccato
1308 2248 1497 2297 ordinis,

178 2314 368 2355 adducit
398 2315 574 2368 triplex
597 2315 915 2355 testimonium
937 2316 1199 2356 Bernhardi
1232 2317 1382 2370 qualis
1418 2317 1495 2357 de-

122 2391 163 2422 30
177 2386 287 2425 beat
319 2397 425 2424 esse
458 2397 594 2437 papa,
641 2395 688 2425 et
726 2384 1001 2425 describens
1039 2386 1330 2426 sacerdotem
1370 2399 1494 2426 cesa-

175 2467 318 2506 reum,
353 2453 466 2494 dicit
498 2454 626 2506 quod
660 2454 785 2494 foret
808 2454 1071 2507 expediens
1095 2454 1296 2495 ecclesie
1319 2456 1495 2496 nullum

175 2523 314 2563 talem
347 2536 465 2564 esse.

232 2593 294 2633 Et
338 2592 590 2634 obiciendo
636 2599 801 2634 contra
833 2594 1207 2647 descripcionem
1246 2595 1402 2634 datam
1434 2595 1493 2634 de

175 2675 310 2715 papa,
345 2663 551 2703 declarat
583 2663 821 2716 quomodo
856 2669 1052 2716 oportet
1078 2663 1167 2704 rite
1204 2664 1406 2704 electum
1429 2665 1489 2703 ab

119 2738 158 2770 35
175 2731 363 2771 homine
386 2745 411 2771 a
431 2733 538 2772 Deo
560 2732 774 2785 preeligi‚
803 2738 849 2773 et
872 2733 1076 2772 declarat
1098 2732 1345 2785 tripliciter
1378 2746 1490 2785 quo-

251 2880 300 2913 15.
328 2881 484 2913 Rectius:
518 2881 659 2913 Florum
686 2882 934 2913 Historiarum.
964 2882 1051 2913 Vide
1078 2892 1182 2924 supra
1208 2893 1241 2925 p.
1269 2883 1346 2916 223.

1718 269 1800 307 405
