2078 3338
223 286 311 315 CAP.
339 276 408 334 tv]
619 290 677 321 DE
704 289 986 322 POTESTATE
1012 289 1143 321 PAPE.
1776 282 1825 331 67

220 408 364 444 mare3
409 399 522 435 tunc
568 394 688 434 enim
731 394 889 434 forent
934 395 1168 434 electores
1201 394 1537 450 inpeccabiles‚

222 479 325 505 cum
368 464 415 504 in
449 464 669 520 eligendo
703 464 883 504 facilius
917 478 1073 505 errare
1112 470 1384 518 potuerunt.
1436 466 1537 507 Nec

219 541 330 576 tunc
364 534 582 575 convinci
612 534 790 588 poterit
823 548 953 574 error
986 535 1240 575 eleccionis
1279 549 1368 575 nec
1409 542 1538 577 esset

221 605 319 646 eius
366 604 665 645 confirmacio
711 605 767 644 ab
813 603 999 644 homine
1053 605 1364 658 expectanda.
1419 606 1535 646 Ideo
1570 612 1808 662 Electorsoften

186 675 361 716 §nichil
404 674 531 714 fideli
575 674 740 714 nocius
787 687 922 727 quam
972 675 1100 727 quod
1136 675 1183 714 in
1217 675 1536 715 eleccionibus
1657 658 1714 677 em

216 744 483 785 huiusmodi
522 744 755 797 contingit
788 757 941 784 errare
976 744 1207 795 crebrius;
1243 746 1369 798 quod
1400 758 1535 800 regu-

217 815 376 855 lariter
421 814 666 868 contingit,
711 815 899 867 quando
947 816 1181 855 electores
1221 815 1402 870 eligunt
1434 828 1536 868 per-

220 898 381 925 sonam
426 897 565 938 quam
609 884 743 924 Deus
790 898 884 924 non
931 886 1164 938 approbat
1204 886 1280 924 vel
1323 885 1537 926 habilitat

219 955 276 994 ad
318 954 412 994 tale
464 953 684 993 officium.
737 953 798 993 Et
841 953 929 993 hec
972 954 1096 994 racio
1142 967 1286 1007 quare
1331 956 1535 1008 apostoli

165 1040 202 1061 10
219 1025 468 1077 elegerunt
488 1023 711 1063 Mathiam
733 1037 821 1077 per
843 1029 1032 1076 sortem,
1056 1030 1108 1064 ut
1130 1030 1266 1078 patet
1280 1025 1484 1065 Actuum
1501 1026 1534 1068 I.
1569 1033 1675 1096 queda
1696 1035 1797 1096 ῚῙοετῑιξτρ

215 1093 311 1134 Ubi
334 1099 442 1134 sunt
461 1094 667 1133 notanda
688 1093 909 1147 misteria,
933 1094 1084 1147 primo
1102 1096 1341 1147 quomodo
1364 1095 1534 1135 beatus
1550 1076 1564 1094 e
1579 1076 1611 1095 ec
1627 1074 1752 1140 {yildtft
1779 1079 1823 1097 ¹³³

214 1164 387 1204 Petrus
422 1177 482 1203 ex
514 1163 593 1203 illo
618 1163 805 1203 Psalmo
831 1163 1003 1215 CVIII,
1039 1167 1061 1204 8
1098 1166 1403 1217 episcopatum
1439 1167 1534 1206 eius

214 1234 410 1286 accipiet-2¹
455 1235 570 1273 alter
621 1233 860 1273 concludit
915 1234 1043 1286 quod
1096 1240 1289 1287 oportet
1340 1249 1401 1275 ex
1444 1235 1532 1276 hiis

213 1303 337 1355 viris,
382 1304 461 1356 qui
493 1303 711 1343 viderunt
750 1303 1170 1344 conversacionem
1206 1306 1530 1358 apostolorum

161 1385 318 1415 15cum
352 1372 553 1425 Christo,
598 1387 739 1413 unum
781 1373 961 1414 institui
1003 1374 1109 1413 loco
1153 1374 1274 1425 Jude
1320 1381 1379 1424 et,
1426 1375 1533 1428 quia

212 1444 418 1484 nondum
440 1444 706 1483 habuerunt
727 1443 1076 1483 revelacionem
1104 1445 1161 1484 de
1185 1458 1403 1497 persona,
1423 1459 1532 1485 con-

212 1513 467 1554 stituerunt
510 1514 629 1554 duos
675 1514 782 1566 plus
824 1513 1006 1554 habiles
1047 1513 1228 1555 scilicet
1271 1515 1530 1556 Barsabam

95 1591 172 1635 177''
212 1590 259 1624 et
302 1584 523 1624 Mathiam
552 1584 556 1639 Ι
584 1616 593 1636 ‚
620 1584 945 1638 relinquentes
979 1585 1137 1625 divino
1169 1584 1342 1625 iudicio
1389 1600 1526 1639 quem

209 1653 393 1694 illorum
437 1654 642 1694 voluerit
686 1668 773 1707 per
817 1660 992 1695 sortem
1039 1655 1292 1695 ostendere
1326 1656 1528 1697 electum

154 1737 359 1776 2‹›penes
394 1737 518 1772 eum;
553 1724 682 1764 cuius
706 1724 896 1765 arbitrio
922 1731 1117 1778 oportet
1137 1725 1184 1764 in
1208 1725 1527 1767 eleccionibus

211 1794 320 1833 dare
362 1794 516 1836 fidem.
567 1793 707 1834 Unde
751 1794 944 1848 triginta
989 1796 1224 1835 electores
1270 1802 1526 1849 sequentes

211 1863 433 1904 dixerunt
477 1864 625 1904 verba
668 1864 896 1905 notabilia
948 1878 1065 1918 sepe
1111 1865 1236 1905 dicte
1285 1867 1526 1907 sentencie

210 1933 500 1987 expressiva.
541 1934 600 1973 Tu
634 1934 839 1987 Domine,
872 1934 1099 1988 inquiunt,
1134 1937 1208 1988 qm?
1240 1937 1355 1976 vossi
1386 1940 1524 1978 corda

207 2005 452 2055 homiuum,
498 2005 675 2044 ostende
719 2017 846 2057 quem
894 2007 1080 2057 elegeris
1137 2018 1187 2045 ex
1223 2007 1311 2046 lziis
1354 2009 1526 2049 duobus

150 2083 348 2115 &unum
381 2075 584 2127 accipere
627 2075 774 2114 locum
809 2076 1056 2115 afninislesrii
1086 2077 1231 2126 lzm'us,
1278 2076 1358 2116 ubi
1392 2084 1525 2131 patet

207 2145 334 2197 quod
380 2149 573 2197 oportet
603 2143 759 2184 Deum
806 2145 982 2198 eligere
1029 2151 1076 2186 et
1116 2148 1375 2187 secundum
1408 2148 1523 2188 alios

204 2215 320 2255 ritus
367 2215 600 2268 eligentes
633 2216 771 2255 valde
808 2216 1070 2269 ecquivoce
1112 2217 1399 2258 eleccionem
1430 2218 1523 2258 Dei

203 2284 405 2325 fideliter
456 2286 772 2339 promulgare⁷
827 2286 935 2326 ideo
990 2286 1114 2340 dicit,
1169 2290 1346 2329 ostende
1392 2301 1521 2341 quem

205 2355 392 2407 elegeris
422 2368 516 2395 non
550 2356 609 2395 ad
642 2355 919 2408 dignitatem
953 2357 1037 2396 sed
1068 2357 1387 2399 ministerium.

149 2432 190 2463 '30
263 2422 359 2464 Sed
391 2424 539 2464 tercio
575 2424 789 2473 obicitur,
837 2439 940 2465 cum
973 2426 1150 2466 eleccio
1184 2433 1346 2467 nostra
1378 2428 1523 2468 debet

205 2493 461 2546 exemplari
506 2499 552 2533 et
596 2494 843 2535 autorizari
889 2497 945 2535 ab
992 2496 1235 2550 apostolis,
1282 2511 1306 2536 a
1350 2497 1520 2550 quibus

202 2563 426 2603 trahimus
470 2564 588 2604 ritus
633 2564 762 2614 alios,
806 2564 994 2605 videtur
1039 2567 1168 2618 quod
1213 2567 1440 2607 debemus
1473 2567 1516 2607 in

202 2633 375 2673 nostris
410 2633 725 2674 eleccionibus
749 2634 886 2687 sequi
906 2634 1026 2686 illos,
1059 2649 1162 2675 nam
1190 2636 1338 2689 magis
1363 2642 1518 2677 auten-

273 2758 300 2793 ὁ,
322 2759 400 2794 713:
423 2759 658 2795 irregulariter.
733 2761 759 2787 δ’.
782 2760 900 2788 Codd.:
922 2760 1083 2788 lzumilitat.
1147 2770 1192 2788 12.
1212 2761 1332 2788 Petrus.
1355 2761 1471 2789 Codd.:
1485 2762 1517 2789 P„

206 2812 248 2839 17.
277 2804 393 2832 Codd.:
425 2805 562 2833 humiles,
670 2806 719 2838 23,
751 2815 799 2840 24.
828 2806 934 2834 Recte:
969 2808 1066 2834 corda
1099 2808 1241 2835 omnium.
1338 2808 1385 2836 30.
1424 2810 1451 2835 A
1486 2809 1517 2835 in

202 2858 314 2886 marg:
335 2860 368 2886 3.

277 2931 324 2954 12.
351 2925 427 2955 Act.
453 2924 477 2963 l,
507 2934 559 2955 20.
658 2925 710 2958 23.
735 2927 812 2957 Act.
839 2926 861 2968 ἶ,
890 2934 943 2968 24,
972 2926 1024 2958 25.
