2078 3338
282 280 304 313 8
1005 280 1231 312 JOHANNIS
1257 278 1444 312 WYCLIF
1740 266 1845 323 [CAP.
1867 277 1890 304 Ι.

571 390 698 429 bona
728 392 891 427 nature
925 391 973 426 et
1004 384 1207 434 fortune,
1240 384 1326 424 sed
1358 383 1557 424 clericus
1586 385 1711 424 bona
1732 383 1890 437 gracie

574 463 621 498 et
651 456 848 497 virtutis.

630 526 729 567 Iste
775 530 930 566 autem
975 523 1330 577 descripciones
1375 522 1595 564 videntur
1640 525 1891 578 perplexe⁷

573 610 678 637 cum
723 594 880 636 clerici
923 594 1073 635 nostri
1118 594 1338 634 videntur
1382 594 1560 634 habere
1603 599 1892 647 potestatem

572 666 832 707 secularem
879 677 1154 705 concessam
1203 662 1269 703 eis
1315 676 1340 703 a
1386 662 1596 716 regibus.
1659 662 1792 705 Sicut
1836 664 1924 705 ad5

569 748 714 788 reges
746 735 957 788 pertinet
988 733 1205 774 subditos
1238 745 1348 773 suos
1370 732 1417 772 in
1439 732 1615 773 Virtute
1643 733 1891 786 instruere,

571 804 843 859 specialiter
889 817 992 844 cum
1024 817 1113 857 per
1145 816 1197 843 se
1227 802 1334 842 finis
1366 802 1465 843 vite
1496 802 1718 843 naturalis
1751 803 1811 844 sit
1841 809 1893 844 ut

572 880 767 916 ornetur
810 873 1080 920 virtutibus,
1131 885 1221 912 nec
1274 871 1407 912 aliter
1452 877 1525 911 est
1573 885 1772 925 regnum
1815 873 1893 912 vel

570 945 794 998 populus,
838 956 927 984 nec
972 942 1106 983 aliter
1148 941 1269 982 vivit
1310 940 1537 995 legaliter.
1590 941 1706 982 Cum
1750 942 1893 996 igitur

572 1013 798 1067 quicquid
820 1018 1037 1067 potestas
1060 1017 1227 1066 potest
1246 1011 1449 1059 inferior,
1473 1016 1637 1064 potest
1659 1011 1892 1065 superior,
1913 1031 1949 1051 10

570 1097 665 1124 non
705 1096 730 1122 e
770 1088 946 1135 contra,
984 1085 1187 1135 potestas
1230 1084 1381 1121 antem
1424 1081 1687 1134 spiritualis
1730 1083 1894 1122 excedit

572 1154 719 1194 aliani
746 1156 795 1192 nt
823 1153 985 1192 aninza
1000 1164 1179 1205 corpns,
1209 1155 1345 1204 patet
1368 1150 1625 1190 secundum
1648 1152 1893 1191 doctorem

572 1222 699 1276 quod
742 1226 961 1275 potestas
1007 1219 1263 1274 spiritualis
1306 1221 1451 1261 habet
1482 1220 1615 1260 aliam
1646 1221 1891 1273 instruere,

573 1298 621 1333 et
673 1291 861 1346 quando
916 1291 1076 1331 deviat
1125 1290 1352 1341 iudicare;
1403 1291 1677 1343 spiritualis,
1729 1290 1892 1343 inquit,

568 1365 766 1415 potestas
811 1375 841 1402 a
891 1362 985 1402 solo
1030 1361 1123 1401 Deo
1177 1361 1298 1400 debet
1349 1361 1552 1400 indicam·
1601 1361 1727 1401 iuxta
1778 1360 1948 1401 illnd15

570 1431 605 1472 I.
642 1430 837 1473 Corinth.
877 1430 937 1480 II,
975 1431 1048 1471 15:
1097 1428 1369 1483 Spiritnalis
1415 1429 1590 1469 indicat
1639 1430 1810 1480 omnia,
1854 1433 1894 1470 et

570 1502 666 1555 ipse
698 1514 727 1542 a
758 1501 938 1542 neniine
969 1500 1216 1540 indicatur.

298 1566 366 1595 The
387 1566 528 1607 Spsssitfflfl
635 1571 759 1612 Unde
779 1570 1040 1623 spiritualis
1054 1572 1255 1623 potestas
1277 1569 1443 1609 excedit
1465 1570 1609 1609 aliam
1632 1569 1680 1608 in
1702 1570 1891 1621 antiqui-

299 1610 405 1637 power
424 1610 450 1629 ls
471 1601 538 1629 said

291 1641 329 1698 ¹3,
344 1636 544 1699 ξξξξξξιξῗξξ
572 1645 673 1694 tate,
706 1642 754 1681 in
786 1641 1006 1693 dignitate
1029 1643 1067 1680 et
1089 1641 1137 1680 in
1159 1639 1363 1680 utilitate.
1395 1638 1451 1679 In
1475 1639 1751 1690 antiquitate,
1784 1640 1893 1691 qnia

308 1706 521 1776 igigatffiiqssffi
565 1712 705 1764 prins
735 1712 910 1751 iubente
940 1710 1035 1751 Deo
1073 1709 1383 1750 sacerdocium
1424 1709 1678 1749 institntnin
1723 1713 1797 1762 est,
1842 1715 1950 1763 utzo

328 1776 415 1804 ¹¹⁵er
431 1784 513 1804 ‘¹2⁵⁵-
571 1786 705 1834 patet
747 1781 901 1821 Exod.
945 1777 1181 1832 XXVIII,
1231 1783 1401 1832 postea
1446 1791 1531 1831 per
1578 1780 1891 1819 sacerdocium

570 1851 744 1891 inbente
769 1850 864 1891 Deo
897 1850 1106 1890 instituta
1137 1852 1198 1889 est
1228 1849 1403 1901 regalis
1428 1851 1643 1901 potestas,
1676 1853 1728 1888 ut
1760 1853 1893 1901 patet

570 1921 765 1961 Deuter.
787 1918 960 1960 XVIII
984 1924 1031 1959 et
1061 1918 1095 1959 I.
1116 1918 1311 1971 Regum
1332 1917 1443 1959 XII.
1475 1917 1551 1957 Ex
1581 1930 1676 1967 quo
1705 1917 1893 1958 videtur

571 1989 702 2043 quod
744 1989 834 2029 ista
876 1993 1093 2042 potestas
1140 1987 1331 2028 excedit
1383 1987 1515 2027 aliam
1557 1988 1604 2027 in
1649 1987 1891 2041 dignitate,

571 2059 690 2113 quia,
725 2073 829 2100 cum
857 2059 1117 2099 secundum
1140 2057 1431 2111 Apostolum
1453 2057 1576 2100 Heb.
1597 2057 1710 2097 VII:
1734 2056 1892 2097 Maior
1907 2063 1947 2095 25

570 2133 633 2170 est
663 2130 740 2181 qni
771 2129 999 2180 benedicit,
1039 2131 1078 2168 et
1111 2128 1265 2168 minor
1286 2128 1363 2179 qni
1385 2127 1671 2176 benedicitinf,
1703 2125 1892 2166 videtur

571 2199 700 2252 quod
737 2203 953 2252 potestas
994 2197 1304 2238 consecrandi
1343 2202 1389 2237 et
1420 2195 1697 2237 instituendi
1727 2207 1891 2248 regem

569 2268 762 2308 excedit
792 2267 974 2322 regiam
1005 2271 1307 2320 potestatem.

312 2332 513 2360 U⁵⁶f¹²¹¹¹0⁵⁵²
626 2337 817 2378 Utilitas
859 2335 1133 2376 maioritatis
1179 2334 1278 2376 eius
1324 2349 1386 2375 ex
1422 2335 1513 2375 hoc
1547 2335 1718 2386 evidet,
1764 2334 1892 2386 quod

278 2366 346 2394 The
364 2367 445 2394 Jews
466 2376 547 2396 were

294 2402 450 2472 gObeestffi}
465 2404 544 2464 33¹5
568 2411 786 2460 potestas
831 2405 1087 2459 spiritualis
1131 2418 1221 2458 per
1264 2418 1316 2445 se
1360 2404 1534 2445 sufficit
1578 2405 1635 2445 ad
1677 2403 1891 2457 regimen
1907 2413 1948 2445 30

314 2471 458 2534 ‘hes‘fflf
478 2472 514 2499 of
568 2475 749 2530 populi,
795 2481 846 2515 ut
888 2480 1022 2528 patet
1067 2475 1125 2514 de
1157 2474 1364 2514 Israhele
1409 2487 1560 2527 usque
1594 2474 1650 2513 ad
1680 2478 1892 2525 tempora

569 2544 682 2587 Saul
714 2545 816 2585 sine
849 2550 1093 2598 potestate
1124 2542 1257 2599 regia
1288 2543 1537 2583 salubriter
1567 2543 1797 2598 regulato.

636 2678 666 2704 4.
688 2669 727 2697 B:
755 2669 900 2697 videntur
919 2669 1016 2696 deest.
1093 2668 1119 2696 5.
1141 2668 1181 2695 B:
1210 2675 1368 2695 concessa.
1445 2676 1488 2695 10.
1510 2667 1550 2694 13:
1577 2667 1729 2703 quidquid
1752 2666 1891 2702 inferior

563 2718 704 2751 potestas
725 2717 839 2750 potest.
921 2723 965 2750 14.
993 2714 1031 2742 B:
1060 2716 1089 2742 et
1115 2714 1211 2742 deest.
1293 2722 1343 2741 22.
1368 2713 1486 2741 Codd.:
1514 2713 1580 2741 Deo
1607 2712 1704 2741 deest.
1729 2712 1848 2740 Addidi
1874 2721 1889 2740 c

566 2766 650 2788 textu
670 2760 826 2796 Hugonis.

640 2841 689 2864 12.
709 2833 808 2873 Quae
834 2839 1028 2875 sequuntur
1053 2842 1093 2865 ex
1113 2832 1264 2874 Hugone
1290 2838 1449 2874 excerpta
1475 2837 1565 2863 sunt.
1664 2831 1808 2863 18—32.
1834 2830 1887 2864 Cf.

566 2891 684 2923 Hussii
712 2892 804 2933 Opp.
833 2889 928 2932 213¹&
