2078 3338
251 250 330 287 312
988 250 1214 283 JOHANNIS
1241 252 1425 285 WYCLIF
1673 246 1778 298 [CAP.
1805 255 1858 284 XI.

273 362 343 389 Itis
363 361 502 397 objected
600 352 770 393 Tercio
804 353 1006 395 obicitur
1036 368 1124 409 per
1153 356 1257 408 hoc,
1297 358 1426 411 quod
1462 358 1595 400 iuxta
1628 359 1704 402 hic
1737 361 1861 403 dicta

258 397 362 458 xviiii&
377 396 522 470 ‘Eredfssne
541 435 629 463 nec
663 428 857 476 oportet
889 437 994 466 esse
1027 426 1313 480 sacerdotes,
1349 441 1439 469 nec
1479 435 1673 483 oportet
1710 445 1858 474 sacra-

297 474 386 504 away
406 466 491 494 wnh.
540 497 748 534 mentum
794 493 969 535 ordinis
997 493 1003 551 Ι
1029 495 1188 537 iterari
1229 496 1404 538 factum
1446 512 1535 551 per
1577 514 1720 542 unum
1763 516 1859 543 non
1898 509 1983 551 239⁸

542 561 822 616 episcopum
873 564 960 604 sed
1011 564 1271 618 simplicem
1323 569 1639 619 sacerdotem;
1693 576 1741 612 et
1792 572 1859 613 sic

539 638 797 686 peccarent
827 634 1100 676 sacerdotes
1128 636 1459 679 benedicendo
1483 638 1697 693 aliquem,
1732 642 1858 683 cleri·
1877 645 1893 678 5

542 715 704 743 corum
735 702 946 744 ordinem
979 704 1240 747 omittendo
1274 711 1322 747 et
1353 707 1595 749 subiectos
1626 710 1747 752 ultra
1777 712 1859 752 de-

541 771 691 812 bitum
724 774 971 815 onerando.

262 836 341 865 This
361 845 407 865 we
428 837 516 874 deny.
598 841 691 881 Hic
744 841 913 883 dicitur
962 845 1183 899 negando
1215 845 1410 899 primam
1455 849 1860 905 consequenciam,

543 923 647 951 cum
692 916 888 965 oportet
932 925 1038 954 esse
1073 913 1308 955 Christum
1353 921 1399 956 et
1443 930 1556 959 suos
1600 920 1860 975 apostolos,

541 993 652 1034 ymo
686 994 851 1023 omnes
883 983 1156 1025 sacerdotes
1179 987 1541 1028 sacramentales
1564 993 1612 1029 et
1635 989 1861 1031 devotum
1881 1004 1920 1026 10

541 1050 785 1104 populum.
820 1050 997 1094 Scribit
1029 1053 1151 1094 enim
1183 1054 1485 1108 Augustinus
1516 1057 1621 1099 XX
1654 1058 1712 1099 de
1746 1059 1860 1100 civi-

539 1125 638 1161 tate
680 1120 787 1172 Dei,
839 1122 1043 1176 capitulo
1092 1123 1193 1164 XII
1245 1139 1389 1179 super
1429 1126 1523 1179 illo,
1576 1130 1705 1181 quod
1749 1129 1863 1171 dicit

539 1191 776 1244 propheta
813 1191 967 1246 Apoc.
999 1192 1104 1234 XX
1135 1208 1180 1245 4:
1226 1194 1450 1237 Sederunt
1484 1199 1739 1240 sacerdotes
1775 1199 1863 1242 Dei

540 1263 580 1300 et
610 1259 777 1302 Christi
808 1265 848 1302 et
876 1264 1131 1315 regnabunt
1160 1276 1264 1306 cum
1295 1266 1393 1318 ipso
1426 1267 1552 1308 mille
1583 1269 1741 1314 σινωπὶς,-
1771 1281 1861 1310 riori

540 1330 690 1382 utique
726 1330 781 1371 de
815 1332 925 1372 solis
957 1333 1174 1386 episcopis
1205 1337 1244 1374 et
1275 1336 1544 1388 presbiteris
1574 1338 1746 1379 dictum
1783 1342 1858 1392 est,
1879 1343 1916 1375 15

539 1400 617 1452 qui
656 1402 847 1453 proprie
889 1403 986 1443 iarn
1029 1407 1250 1445 vocantur
1280 1405 1329 1445 in
1373 1406 1557 1447 ecclesia
1592 1409 1860 1460 sacerdotes,

540 1469 618 1509 sed
647 1471 762 1511 sicut
792 1483 948 1513 omnes
978 1473 1250 1515 christianos
1276 1475 1474 1517 dicimus
1497 1480 1691 1530 propter
1711 1479 1859 1519 misti-

541 1551 645 1580 cum
709 1542 926 1592 carismd,
989 1543 1055 1583 sic
1104 1555 1260 1585 omnes
1315 1547 1581 1597 sacerdotes,
1643 1549 1860 1599 quoniam

542 1610 744 1651 membra
774 1614 880 1652 suut
910 1613 1048 1653 unius
1078 1615 1340 1668 sacerdotis,
1373 1616 1427 1657 de
1454 1616 1614 1669 quibus
1635 1619 1862 1671 apostolus

540 1678 704 1720 Petrus
740 1681 829 1721 dit:
863 1679 992 1723 Plebs
1028 1686 1200 1737 sancta,
1238 1686 1393 1737 regale
1424 1688 1748 1729 sacerdocium.
1799 1687 1862 1728 Et
1878 1701 1920 1723 20

540 1748 666 1789 idem
709 1750 823 1791 dicit
867 1750 1203 1805 Crysostomus
1244 1752 1426 1796 Omelia
1455 1754 1546 1796 XL
1589 1756 1636 1797 in
1679 1756 1859 1811 Imper-

543 1818 686 1861 fecto.

252 1895 285 1956 It]
297 1894 323 1956 ἑξ
339 1894 527 1956 ἆηοῐιρτονεεῒεῐ
599 1888 675 1929 Ex
705 1888 809 1932 istis
840 1895 985 1944 patet,
1008 1892 1160 1945 primo
1184 1894 1312 1947 quod
1333 1894 1506 1936 femina
1529 1901 1603 1938 est
1624 1897 1860 1949 sacerdos,

254 1934 305 1991 ta}
323 1938 592 2027 ροοέᾆὲῖεῗεὸθῒ
636 1958 721 2012 (sic
759 1965 811 2001 ut
848 1960 1023 2002 dictum
1062 1964 1149 2016 est)
1193 1976 1290 2004 non
1332 1965 1613 2018 probabitur
1657 1979 1719 2006 ex
1760 1966 1862 2008 iure

322 2007 416 2027 mval
443 2021 449 2028 ’
545 2028 771 2070 canonico
804 2031 883 2070 vel
916 2030 1042 2072 civili
1080 2033 1210 2085 quod
1254 2034 1522 2087 supradicta
1558 2035 1735 2077 femina
1767 2050 1864 2078 non
1880 2040 1919 2074 25

544 2097 604 2138 sit
638 2112 761 2152 papa
782 2100 861 2140 vel
883 2101 1012 2154 quod
1043 2115 1137 2142 non
1160 2103 1348 2145 valeant
1370 2117 1514 2158 opera
1546 2105 1645 2146 eius
1667 2107 1863 2161 papalia.

600 2169 743 2210 Patet
793 2171 1004 2211 secundo
1059 2185 1121 2212 ex
1173 2172 1309 2214 dictis
1355 2174 1484 2228 quod
1536 2175 1659 2217 sicut
1701 2189 1865 2218 omnes

544 2238 694 2279 sancti
724 2238 815 2280 viri
847 2244 896 2281 et
926 2240 1098 2282 femine
1130 2244 1340 2284 membra
1362 2243 1536 2285 Christi
1573 2250 1682 2287 sunt
1713 2259 1864 2287 sacer-

545 2307 698 2359 dotes,
743 2308 852 2362 quia
897 2317 1239 2352 sacramentum
1283 2313 1448 2354 dantes
1489 2327 1551 2355 ex
1582 2314 1630 2355 vi
1664 2328 1864 2356 commu-

544 2377 698 2418 nionis
744 2383 1025 2432 sanctorum,
1079 2380 1147 2422 sic
1191 2382 1342 2423 solum
1392 2384 1705 2437 predestinati
1756 2391 1866 2427 sunt
1881 2393 1923 2425 30

544 2448 752 2489 membra
775 2448 947 2491 Christi
977 2450 1055 2491 vel
1085 2464 1195 2505 pars
1225 2458 1387 2494 sancte
1409 2454 1567 2495 matris
1591 2455 1794 2496 ecclesie
1819 2461 1866 2496 et

617 2651 638 2671 1.
660 2644 690 2671 A
708 2643 740 2671 in
761 2651 875 2679 marg:
902 2644 1011 2673 Tercio
1031 2646 1202 2682 arguitur,-
1220 2647 1261 2675 ib.
1281 2649 1311 2675 A
1330 2648 1362 2676 in
1383 2656 1499 2684 marg.:
1520 2653 1542 2681 1,
1563 2652 1590 2677 2.
1663 2650 1692 2679 8.
1713 2650 1814 2679 Codd.
1832 2651 1865 2679 in

546 2697 661 2724 marg:
684 2689 794 2721 Omnes
816 2691 922 2719 sancti
945 2691 1113 2720 christiani
1134 2696 1207 2721 sunt
1231 2695 1417 2723 sacerdotes.
1492 2695 1539 2724 23.
1564 2696 1664 2725 Codd.
1691 2697 1722 2725 in
1749 2705 1864 2733 marg.:

545 2735 673 2763 Femina
690 2737 839 2765 sacerdos
854 2745 952 2773 papa.

622 2830 672 2854 11.
698 2821 749 2852 De
777 2821 877 2854 Civit.
904 2822 979 2866 Dei,
1005 2822 1064 2857 lib.
1089 2823 1165 2865 XX,
1192 2834 1266 2867 cap.
1293 2825 1335 2867 X,
1363 2826 1456 2869 Opp.
1481 2832 1568 2860 tom.
1587 2827 1660 2870 VH,
1685 2838 1763 2870 pag.
1787 2827 1862 2861 588.

549 2887 601 2908 20.
628 2878 651 2909 Ι.
676 2878 769 2910 Petr.
796 2879 833 2919 11,
861 2889 894 2922 9.
991 2890 1044 2914 21.
1072 2881 1164 2923 Opp.
1190 2887 1276 2916 tom.
1302 2883 1357 2924 VI,
1385 2882 1463 2916 856.
