2078 3338
188 274 277 302 cm.
291 263 361 320 XL]
587 276 644 306 DE
674 274 951 306 POTESTATE
981 275 1108 306 PAPE.
1712 267 1792 317 269

186 382 264 421 vel
295 379 531 422 remissus,
582 378 680 420 Sed
711 378 949 431 presbiter
981 378 1260 419 christianus
1292 378 1504 419 innititur

185 449 323 490 titulo
369 448 624 489 elemosine
670 461 732 488 ex
782 448 941 500 gracia
990 460 1080 487 nec
1132 447 1348 488 affidatur
1399 461 1503 488 cum

185 518 514 572 temporalium
557 517 892 571 perpetuitate,
938 518 1021 558 sed
1064 523 1291 570 reputans
1323 518 1413 558 hoc
1447 519 1503 557 ad

186 601 304 628 onus
325 588 567 636 instanter,
588 586 830 627 inturbate
852 591 900 626 et
918 586 1156 626 humiliter
1176 587 1277 627 sine
1299 587 1502 628 dominio

153 658 395 710 §complet
425 656 730 697 ministerium
763 656 854 696 sibi
878 656 1119 706 creditum,
1151 661 1344 709 paratus
1367 656 1503 697 susti-

64 729 145 763 228'2
184 740 296 767 nere
331 739 436 766 cum
466 725 638 780 gaudio
663 725 956 766 ablacionem
985 726 988 779 Ι
1018 739 1127 778 ymo
1159 725 1367 778 rapinam
1389 730 1501 765 tem-

183 795 414 849 poralium
459 795 499 835 si
542 795 799 847 contingat.
860 794 961 834 Nec
1005 795 1195 835 videtur
1244 795 1372 848 quod
1414 794 1504 834 ista
1526 802 1684 864 ιδΤιιεικέυ
1705 811 1774 865 {ay

183 865 371 906 nomina
403 865 497 905 sint
530 864 709 904 directe
744 863 980 917 opposita,
1014 877 1118 904 cum
1142 864 1364 904 sacerdos
1388 863 1502 903 chri-
1535 842 1784 900 tinfgsnbuuStensstt

185 935 362 976 stianus
400 934 460 974 sit
498 934 722 973 sacerdos
760 946 980 974 cesareus
1018 934 1097 973 vel
1132 932 1329 973 remisse
1367 932 1504 974 simul
1592 907 1705 942 finauy'

130 1019 169 1040 10
183 1005 261 1044 vel
293 1017 381 1056 per
412 1003 563 1052 vices3
598 1007 792 1056 oportet
813 1007 970 1042 tamen
993 1015 1178 1042 omnem
1205 1004 1502 1042 sacerdotem

185 1085 426 1114 cesareum
459 1071 731 1113 salvandum
759 1070 945 1111 titulum
965 1071 1255 1124 imperialem
1279 1071 1502 1111 deserere

185 1146 231 1181 et
275 1141 323 1180 in
366 1140 582 1193 predicto
614 1139 749 1180 titulo
780 1139 983 1180 finaliter
1022 1152 1311 1181 consumare.
1362 1139 1502 1179 Unde

181 1210 314 1250 multi
346 1209 648 1263 decipiuntur
677 1209 725 1249 in
755 1210 860 1259 hoc,
900 1209 1029 1262 quod
1059 1208 1280 1262 ignorant
1311 1222 1501 1250 sensum

183 1279 419 1332 scripture
443 1285 488 1319 et
512 1280 773 1328 doctorum,
807 1278 886 1332 qui
918 1292 1035 1332 sepe
1068 1277 1345 1331 simpliciter
1377 1283 1425 1318 et
1455 1278 1502 1319 in

130 1354 164 1385 15
182 1362 326 1389 sensu
348 1348 614 1401 composito
636 1347 911 1400 intelligunt
931 1347 1199 1388 huiusmodi
1225 1353 1500 1400 aggregata,

181 1423 233 1458 ut
264 1417 387 1457 sicut
418 1418 686 1470 Apostolus
731 1416 856 1467 dicit,
902 1417 1030 1470 quod
1073 1417 1210 1457 nichil
1249 1420 1393 1469 potest
1429 1429 1503 1457 eos

180 1499 403 1540 separare
441 1500 470 1527 a
507 1488 698 1528 caritate
735 1487 834 1536 Dei,
886 1486 1288 1540 subintelligendo
1329 1485 1501 1539 simpli-

182 1556 300 1596 citer
330 1555 696 1609 predestinatos.
749 1555 827 1597 Sic
859 1555 1148 1596 Aristoteles
1188 1554 1410 1595 concedit
1442 1555 1500 1595 de

182 1626 364 1675 eodem,
417 1626 546 1679 quod
587 1626 746 1665 album
791 1625 963 1665 desinit
1014 1638 1122 1665 esse
1175 1631 1223 1665 et
1274 1624 1500 1666 musicum

123 1710 165 1730 20
179 1700 350 1745 manet,
384 1700 433 1734 et
462 1694 737 1748 ignorancia
767 1694 925 1748 logice
957 1694 1070 1734 facit
1098 1695 1270 1735 stultos
1306 1694 1500 1734 credere

180 1765 309 1817 quod
328 1764 483 1805 nullus
503 1777 627 1817 papa
645 1769 812 1817 potest
830 1777 1046 1817 peccare,
1070 1777 1126 1804 eo
1149 1764 1278 1817 quod
1296 1776 1499 1816 peccare

178 1838 417 1886 repugnat
436 1833 614 1873 racioni
636 1833 792 1886 papali
807 1833 884 1873 vel
906 1834 1072 1873 saltem
1095 1832 1247 1886 ipsam
1266 1832 1498 1886 denigrat,

180 1908 227 1942 et
270 1902 338 1942 sic
381 1902 537 1943 faceto
582 1908 788 1942 scemate
827 1902 952 1942 dicta
991 1903 1239 1942 doctorum
1279 1902 1339 1942 de
1376 1914 1500 1955 papa

177 1970 448 2024 intelligunt
470 1971 868 2022 condicionaliter,
899 1970 1184 2024 reputative,
1222 1971 1299 2010 vel
1329 1970 1378 2010 in
1409 1983 1500 2010 una

120 2045 160 2077 25
177 2053 383 2093 persona
413 2040 649 2094 generalis
683 2046 731 2081 et
764 2040 912 2081 debiti
934 2039 1082 2080 officii
1107 2039 1497 2092 descripcionem,

177 2114 229 2148 ut
261 2108 473 2149 Christus
518 2122 635 2162 sepe
678 2109 934 2162 alloquitur
975 2109 1171 2149 Petrum
1217 2114 1265 2148 et
1309 2113 1497 2149 ceteros

178 2190 341 2217 omnes
365 2178 623 2230 apostolos.
644 2177 706 2218 Et
724 2178 815 2219 isto
830 2179 972 2218 modo
990 2177 1200 2231 loquitur
1213 2177 1496 2230 Jeronymus

179 2260 281 2286 cum
318 2247 656 2301 Lyncolniensi
700 2249 759 2287 de
792 2261 927 2300 papa,
972 2252 1024 2287 ut
1064 2251 1198 2300 patet
1242 2260 1303 2286 ex
1347 2245 1496 2287 dictis.

177 2314 276 2357 Sed
299 2321 347 2355 et
368 2316 671 2356 Bernhardus
697 2316 818 2357 libro
842 2316 889 2356 II
922 2316 981 2356 de
1012 2329 1136 2370 papa
1168 2315 1236 2357 sic
1266 2315 1494 2369 loquitur:

120 2392 162 2424 30
176 2385 458 2438 Indagemns
488 2387 550 2425 ad
579 2386 658 2426 hoc
678 2386 961 2438 diligencius,
984 2386 1082 2437 quis
1101 2386 1179 2438 Sis,
1211 2397 1351 2437 qnam
1369 2385 1497 2437 geris

169 2467 258 2507 pro
304 2458 505 2508 tempore
541 2467 793 2507 personam
836 2456 885 2495 in
929 2455 1112 2495 ecclesia
1149 2454 1249 2505 Dei,
1292 2454 1393 2506 quis
1435 2466 1494 2505 es,

174 2525 389 2564 sacerdos
433 2532 648 2577 magnus,
691 2536 904 2565 summus
940 2524 1157 2577 pontzfex,
1195 2527 1243 2563 tn
1275 2524 1493 2576 princeps

246 2714 295 2734 20.
308 2706 330 2733 B
341 2706 372 2733 in
385 2715 483 2742 marg.
494 2717 500 2734 :
513 2707 680 2734 Mullorum
691 2707 808 2735 solacio
819 2709 1086 2743 argumentorum.
1098 2706 1165 2734 Rec.
1181 2714 1263 2733 man.
1332 2714 1377 2734 21.
1390 2706 1490 2733 Codd.

175 2752 206 2779 in
226 2760 341 2788 marg:
368 2752 484 2788 Papam
509 2761 569 2780 non
591 2761 683 2788 posse
706 2762 846 2788 peccare.
920 2752 969 2781 30.
992 2753 1091 2780 Codd.
1113 2753 1143 2780 in
1165 2760 1278 2787 marg.:
1306 2751 1390 2787 Pape
1409 2752 1488 2779 laus.

174 2797 287 2826 Bernlz.

249 2881 299 2914 16.
325 2881 428 2915 Rom.
447 2882 534 2922 V111‚
563 2883 616 2925 39.
713 2882 768 2914 30.
793 2882 815 2915 l.
842 2892 870 2915 c,
897 2891 974 2924 pag.
1002 2881 1080 2923 751.
