2078 3338
255 273 343 302 CAP.
372 262 454 320 vu]
653 276 710 307 DE
738 275 1018 307 POTESTATF,
1045 276 1173 306 PAPE.

249 385 390 421 nauta
432 380 568 421 huius
612 380 842 420 navicelle
888 380 1033 421 debet
1084 384 1369 421 artemonem
1415 383 1569 423 arbori

252 450 403 492 crucis
445 450 644 503 infigere
677 454 725 490 et
766 450 922 503 ipsum
965 449 1144 502 lignum
1189 463 1293 490 cum
1339 450 1525 493 Christo
1563 450 1565 505 Ι

135 536 212 576 197⁰
250 534 484 575 suspenso
516 526 568 561 ut
598 520 756 560 velum
789 519 974 573 erigere
1008 524 1056 559 et
1088 519 1154 560 sic
1184 533 1288 560 eum
1313 520 1569 562 efficaciter

247 590 510 644 respiciens
550 589 638 630 erit
676 602 870 630 securus
901 603 927 629 a
959 588 1159 632 turbine.
1220 589 1282 630 Et
1316 590 1424 630 hinc
1457 591 1570 632 dicit

215 660 421 703 5Petrus
452 665 595 700 nauta
624 659 763 700 huius
784 659 1036 699 navicelle:
1074 658 1282 701 Christus
1313 673 1486 713 passus
1508 665 1570 703 est

242 743 331 784 pro
352 731 491 782 nobis,
525 730 651 771 nohis
672 730 929 782 relinquens
951 731 1219 783 exemplum,
1251 733 1299 770 ut
1319 743 1569 783 sequuntur

245 801 435 853 vestigia
466 801 572 841 eius.
623 799 685 840 Et
714 802 882 841 beatus
915 799 1166 850 Johannes:
1205 798 1330 840 Sicut
1364 799 1568 843 Christus

240 883 328 923 pro
372 870 500 911 nobis
541 870 754 910 animam
796 881 933 910 suurn
970 871 1128 923 posuit
1169 874 1208 910 et
1244 883 1327 911 nos
1358 871 1569 912 dehemus

239 953 328 992 pro
360 940 598 992 fratribus
641 940 850 980 animam
888 951 1072 993 ponere.
1132 939 1256 980 Huic
1297 940 1440 992 igitur
1472 942 1566 981 velo

193 1029 231 1051 10
244 1010 438 1063 simplex
468 1009 755 1050 conversacio
787 1012 826 1049 et
854 1021 966 1050 vera
996 1009 1216 1061 confessio
1248 1010 1499 1062 religentur
1529 1014 1568 1050 et

243 1080 328 1120 tuti
359 1091 451 1120 esse
475 1091 739 1132 possumus,
777 1079 1104 1131 quantumlibet
1141 1091 1273 1120 mare
1309 1080 1451 1120 seviat
1489 1084 1568 1120 aut

243 1153 397 1190 ventus
432 1149 642 1201 inmeiat,
686 1149 805 1201 quod
846 1151 1007 1189 nostra
1048 1150 1271 1189 navicella
1314 1161 1402 1189 non
1440 1162 1565 1190 mer—

237 1222 393 1271 getur;
442 1219 771 1271 quantumlibet
816 1218 934 1259 inter
958 1218 1110 1271 flatus
1141 1221 1181 1259 et
1203 1219 1381 1270 fluctus
1429 1220 1567 1260 seculi

242 1289 541 1330 conturbetur.

191 1368 226 1400 15
300 1356 398 1399 Sed
429 1362 563 1397 notet
593 1356 747 1398 fidelis
797 1357 928 1410 quod
957 1357 1005 1397 in
1035 1357 1126 1397 ista
1162 1370 1283 1396 nave
1314 1370 1409 1397 non
1441 1357 1564 1398 navi-

242 1431 324 1481 gat
365 1427 455 1467 nisi
486 1426 566 1480 qui
595 1426 642 1467 in
674 1425 932 1467 humilitate
966 1431 1014 1466 et
1046 1430 1330 1479 paupertate
1364 1427 1463 1467 odit
1495 1440 1564 1467 se-

242 1497 406 1537 culum⁴
431 1496 677 1549 sequendo
695 1495 866 1537 Christi
884 1495 1101 1549 vestigia.
1123 1495 1240 1536 Ideo
1265 1496 1391 1536 dicat
1410 1496 1564 1537 fidelis

241 1565 538 1620 prepositus:
602 1564 654 1606 Sz·
703 1569 750 1606 tu
793 1569 856 1607 est
902 1565 1123 1619 Christus,
1188 1579 1283 1606 non
1333 1566 1474 1607 miror
1526 1567 1565 1607 si

241 1636 439 1677 solidam
483 1649 668 1676 carnem
713 1648 856 1689 super
897 1635 1133 1688 liquantes
1177 1649 1321 1689 aquas
1367 1649 1561 1690 suspen-

185 1725 227 1748 20
241 1705 379 1758 deris,
415 1707 494 1746 sed
517 1705 606 1758 fac
637 1706 767 1759 quod
798 1705 949 1756 mirer,
987 1706 1087 1746 iube
1118 1718 1190 1746 me
1225 1719 1286 1746 ex
1318 1711 1562 1759 potestate

241 1775 398 1817 divina
428 1776 581 1817 venire
612 1777 674 1816 ad
704 1779 744 1816 te
781 1788 919 1828 super
951 1788 1108 1829 aquas,
1154 1776 1283 1829 quod
1320 1789 1415 1816 non
1453 1776 1565 1816 facit

238 1846 392 1887 fidelis
417 1845 473 1886 ad
496 1859 687 1886 sensum
716 1845 948 1887 misticum
983 1845 1073 1886 nisi
1102 1846 1279 1886 calcata
1306 1845 1564 1887 affeccione

242 1921 517 1956 cunctorum
567 1915 897 1969 temporalium
955 1915 1163 1956 imitetur
1227 1915 1461 1956 Christum
1517 1915 1564 1956 in

239 1985 460 2036 moribus,
507 1991 554 2025 et
598 1985 666 2026 sic
708 1999 834 2039 papa
877 1986 1156 2039 prepollens
1199 1985 1248 2026 in
1284 1985 1457 2027 talibus
1491 1992 1565 2027 est

184 2066 223 2098 25
239 2069 382 2096 Verus
404 2055 578 2096 Christi
614 2055 828 2107 vicarius,
860 2061 912 2096 ut
932 2055 1141 2110 tangitur
1160 2055 1207 2096 in
1240 2061 1407 2109 quarto
1430 2070 1563 2110 argu—

238 2130 411 2178 mento,
450 2139 545 2179 quo
577 2124 749 2166 Petrus
781 2126 885 2177 Joh.
919 2125 1082 2166 ultimo
1115 2127 1242 2167 misit
1277 2138 1324 2167 se
1354 2127 1401 2166 in
1433 2139 1564 2167 mare

240 2208 300 2235 ex
323 2196 479 2236 calore
501 2195 612 2235 fidei
634 2195 747 2236 satis
768 2197 963 2237 salvum.
995 2194 1047 2236 In
1070 2209 1179 2249 quo,
1202 2200 1254 2236 ut
1274 2209 1397 2249 reor,
1429 2196 1564 2236 datur

237 2264 439 2318 intelligi
482 2266 611 2318 quod
655 2271 749 2306 stat
792 2266 1092 2306 christianum
1143 2266 1382 2306 meritorie
1427 2266 1564 2319 sequi

240 2333 410 2375 Christi
453 2335 657 2390 vestigia
701 2340 748 2375 et
791 2335 858 2376 sic
904 2349 1011 2376 esse
1055 2336 1102 2376 in
1147 2349 1350 2389 corpore
1390 2335 1563 2376 Christi

182 2403 435 2458 3omistico,
481 2405 610 2458 quod
650 2410 723 2445 est
758 2405 891 2446 Petri
927 2405 1154 2458 navicula,
1195 2406 1309 2445 licet
1345 2405 1561 2446 videatur

236 2473 284 2514 in
314 2473 435 2514 facie
469 2474 664 2516 errantis
697 2475 903 2516 ecclesie
937 2488 1043 2516 esse
1075 2475 1204 2516 foris.
1247 2476 1407 2516 Decet
1439 2475 1559 2515 enim

239 2543 519 2597 scripturam
564 2558 744 2586 sacram
791 2558 899 2585 esse
949 2545 1241 2599 gravidatam
1291 2545 1560 2586 multiformi

310 2677 331 2697 1.
354 2671 556 2703 artemonem;
577 2669 599 2697 Β
618 2669 649 2697 in
666 2678 763 2706 marg.
775 2680 782 2698 ε
796 2675 1002 2706 anlempnam.
1024 2671 1123 2706 Aug:
1144 2671 1209 2698 Sed
1222 2671 1253 2698 in
1268 2670 1315 2698 lzis
1328 2672 1560 2698 sensacionz'bus

238 2716 384 2751 erigatur
403 2719 549 2744 antenna.
661 2716 685 2745 5.
707 2717 762 2744 AB
782 2717 813 2744 in
834 2725 949 2752 marg:
970 2717 1057 2745 Petri
1073 2717 1227 2744 navicula.
1325 2719 1353 2746 6.
1376 2717 1493 2745 Codd.:
1511 2726 1558 2745 se—

237 2770 369 2797 quzmur.

309 2834 338 2868 5.
365 2835 388 2867 1.
413 2835 506 2868 Petri
532 2835 555 2876 Ι,
584 2845 637 2868 21.
734 2846 765 2877 7.
792 2836 814 2869 l.
832 2835 910 2869 Joh.
930 2836 984 2876 ΙΙΙ,
1008 2835 1059 2870 16.
1154 2847 1186 2879 9,
1213 2838 1301 2879 Aug.
1325 2837 1346 2868 l.
1367 2848 1394 2868 c.
1422 2836 1558 2880 loosely

238 2893 382 2936 quoted,
480 2901 532 2934 17.
558 2892 677 2927 Matth.
702 2894 792 2935 XIV,
820 2894 874 2928 28.
970 2893 1025 2928 26.
1049 2894 1128 2927 Joh.
1154 2894 1242 2936 XXI,
1270 2905 1300 2937 7.

306 2967 348 2992 De
363 2967 514 2990 potestate
529 2967 618 2994 Papo.
1379 2975 1418 2996 10

1784 281 1858 319 145

1601 392 1679 419 How
1701 394 1750 420 the
1772 394 1840 428 ship

1595 429 1630 455 of
1647 431 1696 455 the
1719 428 1841 456 Church

1650 463 1683 496 {is
1704 469 1734 491 to
1757 465 1791 491 be

1637 499 1810 534 navigatcd.

1591 1368 1657 1396 The
1679 1368 1837 1402 navigator

1614 1407 1697 1430 must
1716 1403 1821 1430 follow

1639 1438 1745 1465 Christ
1764 1439 1794 1465 in

1609 1473 1751 1509 humility
1771 1473 1830 1500 and

1650 1512 1790 1543 poverty.
