2078 3338
201 272 288 303 cm.
310 265 363 318 X.]
600 278 657 309 DE
685 276 963 310 poTffsTAsz
991 278 1119 311 PAPE.
1723 283 1800 321 253

202 382 421 424 Silvesz‘cr.
446 381 534 423 Sed
555 383 634 423 iste
648 383 841 423 deieclrts
862 386 923 424 est
945 385 1225 424 etr-estimans
1240 383 1514 434 Benedictus,

200 453 275 504 qm?
297 453 462 492 iterum
486 455 548 492 est
570 452 752 501 ez'ecsus‚·
783 455 821 492 et
842 452 977 493 datus
1008 456 1070 493 est
1095 456 1298 505 papatus
1317 452 1518 494 „Iohanni

203 522 576 574 archipresbitero
621 525 723 561 anie
753 525 939 574 porlczm
978 521 1207 573 Latinam,
1252 523 1325 563 cui
1365 524 1516 576 impo-

200 591 338 631 situm
383 593 444 631 est
491 602 652 631 nomen
703 588 977 643 Gregorizsza·
1028 594 1065 631 et
1107 592 1177 631 llic
1219 592 1275 632 ab
1317 591 1517 633 Heurico

169 660 478 711 §imperalore
506 663 567 699 est
595 660 790 699 deieclus
821 663 859 699 et
890 661 1010 700 ultra
1043 663 1216 701 montes
1246 662 1516 706 translatum

202 732 240 768 et
270 729 348 769 lzoc
379 732 518 769 totum
551 740 638 769 mlo
672 740 791 769 mmo
812 728 996 780 factum
1030 733 1101 770 est.
1141 729 1196 769 Et
1222 733 1412 783 propter
1440 730 1520 771 hoc

201 799 359 839 dattmz
380 798 479 849 fuit
514 798 593 838 lzoc
627 799 921 850 privilegium
955 798 1168 840 Heurl'co.
1221 798 1326 839 Hec
1358 799 1520 853 glossa

202 866 390 907 decreti.
425 866 790 908 Considerarent
820 867 980 921 itaque
1014 867 1171 908 clerici
1193 868 1342 909 nostri
1364 868 1518 922 impo-

201 942 369 977 nentes
406 936 609 977 heresim
644 938 981 990 detegentibus
1013 938 1094 977 has
1135 938 1269 991 leges
1303 938 1518 983 ecclesie,

150 1023 188 1043 10
204 1007 440 1059 quomodo
473 1006 565 1059 ipsi
597 1020 657 1046 ex
690 1008 909 1047 scandalo
943 1013 1051 1047 sunt
1090 1013 1281 1047 econtra
1312 1007 1518 1048 heretici.

204 1075 337 1118 Sicut
385 1082 513 1117 secta
556 1076 762 1117 Roberti
792 1077 991 1130 imponit
1037 1077 1173 1117 nobis
1207 1078 1333 1130 quod
1361 1090 1520 1117 sumus

202 1145 408 1199 heretici,
432 1160 517 1187 nos
543 1152 743 1187 econtra.
779 1145 968 1187 sienim
990 1146 1122 1187 iuxta
1144 1147 1255 1186 illud
1279 1147 1518 1187 decretum
1540 1169 1655 1197 Mutua!
1676 1170 1802 1204 charges

201 1216 444 1269 Jeronymi
476 1216 552 1256 ille
586 1222 659 1256 est
689 1216 936 1266 hereticus,
970 1216 1048 1269 qui
1080 1217 1323 1271 impugnat
1355 1216 1518 1264 acrius
1586 1204 1756 1240 ofneresy.

204 1286 332 1338 quod
364 1299 503 1326 verus
537 1299 660 1339 papa
691 1285 858 1326 fecerit
888 1285 935 1326 in
967 1299 1018 1326 se
1050 1286 1170 1339 ipso.
1211 1292 1258 1327 et
1289 1286 1356 1327 sic
1388 1292 1520 1327 secte

152 1355 290 1395 15i5te
314 1355 475 1396 dicunt
497 1355 770 1396 altrinsecus
800 1370 852 1396 se
886 1369 992 1397 esse
1023 1356 1274 1405 hereticos,
1306 1357 1370 1397 ita
1392 1357 1521 1410 quod

204 1426 259 1464 ab
306 1425 487 1478 origine
531 1426 702 1467 mundi.
747 1431 798 1466 ut
842 1426 998 1476 credo,
1044 1439 1137 1466 non
1181 1426 1268 1466 fuit
1312 1426 1520 1466 crebrior

202 1493 449 1547 imposicio
487 1495 698 1535 heretice
737 1494 992 1548 pravitatis.
1046 1494 1178 1536 Sicut
1217 1495 1339 1536 enim
1371 1509 1519 1536 sacer-

205 1563 338 1604 dotes
376 1563 701 1617 imposuerunt
741 1564 926 1605 Christo
969 1565 1272 1615 blasfemiam,
1317 1579 1408 1619 que
1449 1571 1521 1605 est

204 1632 340 1685 peior
371 1647 480 1686 pars
512 1634 707 1685 heresis,
741 1634 806 1674 sic
830 1634 980 1687 ignari
1002 1634 1281 1675 Antichristi
1304 1635 1522 1688 discipuli

149 1716 190 1736 20
204 1702 449 1755 imponunt
477 1703 681 1743 heresim
721 1709 953 1756 tamquam
991 1703 1185 1743 inimicis
1220 1704 1420 1744 ecclesie
1453 1704 1520 1744 eis

206 1772 284 1824 qui
316 1773 422 1825 plus
455 1773 606 1813 zelant
636 1787 724 1826 pro
760 1773 858 1813 eius
890 1773 1151 1826 privilegiis
1186 1787 1278 1826 que
1309 1772 1520 1814 Christus

207 1848 509 1883 concesserat
532 1842 887 1894 conservandis,
919 1842 961 1882 in
984 1848 1162 1883 tantum
1185 1843 1312 1895 quod
1336 1842 1521 1895 quidam

208 1911 375 1952 doctor
437 1912 628 1965 ignarus
687 1912 796 1966 quia
849 1913 1047 1966 adeptus
1101 1919 1172 1952 est
1224 1913 1522 1953 dotacionem

91 1986 168 2024 224⁰
206 1980 443 2033 pontificis
461 1980 465 2036 ,¹
484 1981 712 2022 declamat
742 1982 928 2022 acucius
957 1982 1003 2022 in
1025 1983 1141 2022 locis
1169 1982 1276 2035 plus
1306 1982 1521 2035 publicis,

151 2052 190 2085 25
208 2050 335 2103 quod
366 2050 469 2091 talis
503 2057 575 2092 est
606 2052 843 2092 hereticus
868 2058 915 2092 et
935 2052 1085 2092 hostis
1110 2052 1324 2092 ecclesie.
1357 2052 1522 2092 Nullus

210 2120 330 2160 enim
364 2120 499 2174 peior
531 2127 604 2161 est
637 2127 860 2174 apostata,
895 2135 1031 2174 quam
1065 2121 1145 2174 qui
1166 2127 1278 2174 post
1311 2121 1523 2162 altiorem

210 2196 379 2231 statum
413 2191 615 2231 ecclesie
649 2192 706 2231 ad
737 2192 958 2232 mundum
992 2191 1179 2233 excidit.

268 2259 546 2302 Consolacio
580 2267 734 2302 autem
757 2275 781 2302 a
805 2262 988 2302 Christo
1020 2267 1092 2302 est
1122 2262 1169 2301 in
1203 2262 1444 2315 operando
1477 2261 1523 2301 in

211 2342 349 2370 causa
369 2330 458 2371 ista
479 2331 681 2373 fideliter
704 2338 751 2372 et
774 2337 1060 2381 constanter,
1085 2345 1188 2372 cum
1207 2331 1372 2372 Matth.
1389 2332 1453 2382 X,
1471 2345 1490 2371 2
1499 2345 1520 2383 5

154 2403 195 2435 30
211 2399 353 2439 dicat:
417 2399 468 2440 Si
521 2402 919 2454 patremfamilias
970 2401 1180 2442 Belzebnb
1240 2406 1521 2447 vocaverunt,

209 2474 372 2521 quanto
406 2472 558 2523 magis
579 2471 845 2513 don-testicos
867 2472 990 2512 eins?
1026 2470 1141 2511 Ideo
1167 2471 1298 2512 ibant
1320 2471 1525 2524 apostoli

210 2540 472 2593 gaudentes
519 2544 644 2594 quod
690 2541 820 2595 digni
862 2541 1008 2582 habiti
1053 2547 1162 2582 sunt
1203 2555 1291 2595 pro
1336 2541 1524 2582 nomine

211 2609 358 2659 Jhesu
381 2611 708 2652 contumeliam
731 2611 840 2665 pati.
865 2610 961 2653 Sed
978 2617 1024 2652 et
1040 2611 1308 2651 consolacio
1325 2612 1524 2665 quedam

211 2679 441 2720 mundana
465 2680 690 2730 exoritur,
714 2682 843 2735 quod
860 2681 916 2721 ad
930 2686 1110 2721 tantum
1132 2681 1293 2721 insane
1315 2694 1523 2734 prorum-

156 2754 331 2801 35punt
362 2755 550 2804 satrape
581 2752 628 2791 in
660 2750 755 2791 suis
789 2750 1097 2800 sermonibus,
1132 2751 1256 2804 quod
1277 2750 1525 2804 imponunt

285 2917 306 2936 ι.
330 2909 437 2937 Glossa
459 2910 642 2939 ordinaria:
662 2910 846 2939 Benedt'clzcs
865 2910 900 2939 X,
975 2913 1002 2940 ὃ.
1024 2920 1052 2948 9.
1076 2911 1191 2940 Codd.:
1213 2911 1400 2947 impotentes,
