<?xml version="1.0" encoding="UTF-8"?>
<!DOCTYPE html PUBLIC "-//W3C//DTD XHTML 1.0 Transitional//EN"
    "http://www.w3.org/TR/xhtml1/DTD/xhtml1-transitional.dtd">
<html xmlns="http://www.w3.org/1999/xhtml" xml:lang="en" lang="en">
 <head>
  <title>
</title>
<meta http-equiv="Content-Type" content="text/html;charset=utf-8" />
  <meta name='ocr-system' content='tesseract 3.04.00' />
  <meta name='ocr-capabilities' content='ocr_page ocr_carea ocr_par ocr_line ocrx_word'/>
</head>
<body>
  <div class='ocr_page' id='page_1' title='image "./tractatusdepotes00wycl_0161.png"; bbox 0 0 2078 3338; ppageno 0'>
   <div class='ocr_carea' id='block_1_1' title="bbox 266 271 1187 328">
    <p class='ocr_par' dir='ltr' id='par_1_1' title="bbox 266 271 1187 328">
     <span class='ocr_line' id='line_1_1' title="bbox 266 271 1187 328; baseline 0.002 -17"><span class='ocrx_word' id='word_1_1' title='bbox 266 283 356 311; x_wconf 76' lang='lat' dir='ltr'><strong>CAP.</strong></span> <span class='ocrx_word' id='word_1_2' title='bbox 377 271 431 328; x_wconf 87' lang='lat' dir='ltr'>v.]</span> <span class='ocrx_word' id='word_1_3' title='bbox 664 283 721 313; x_wconf 81' lang='lat' dir='ltr'>DE</span> <span class='ocrx_word' id='word_1_4' title='bbox 750 282 1029 313; x_wconf 71' lang='lat' dir='ltr'>Po’sEsTATE</span> <span class='ocrx_word' id='word_1_5' title='bbox 1056 282 1187 313; x_wconf 77' lang='grc' dir='ltr'>ΡΑΡΕ.</span> 
     </span>
    </p>
   </div>
   <div class='ocr_carea' id='block_1_2' title="bbox 144 386 1583 2732">
    <p class='ocr_par' dir='ltr' id='par_1_2' title="bbox 144 386 1583 2732">
     <span class='ocr_line' id='line_1_2' title="bbox 267 386 1581 440; baseline -0.002 -10"><span class='ocrx_word' id='word_1_6' title='bbox 267 390 416 440; x_wconf 75' lang='lat' dir='ltr'>michi,</span> <span class='ocrx_word' id='word_1_7' title='bbox 457 389 653 430; x_wconf 75' lang='lat' dir='ltr'>Jacobus</span> <span class='ocrx_word' id='word_1_8' title='bbox 696 391 734 428; x_wconf 80' lang='lat' dir='ltr'>et</span> <span class='ocrx_word' id='word_1_9' title='bbox 776 386 948 439; x_wconf 71' lang='lat' dir='ltr'>cephas</span> <span class='ocrx_word' id='word_1_10' title='bbox 990 389 1029 426; x_wconf 82' lang='lat' dir='ltr'>ct</span> <span class='ocrx_word' id='word_1_11' title='bbox 1065 386 1306 436; x_wconf 71' lang='lat' dir='ltr'>Johannes,</span> <span class='ocrx_word' id='word_1_12' title='bbox 1350 387 1426 438; x_wconf 73' lang='lat' dir='ltr'>qni</span> <span class='ocrx_word' id='word_1_13' title='bbox 1469 388 1581 427; x_wconf 79' lang='lat' dir='ltr'>vidc-</span> 
     </span>
     <span class='ocr_line' id='line_1_3' title="bbox 266 456 1583 510; baseline -0.003 -10"><span class='ocrx_word' id='word_1_14' title='bbox 266 461 431 500; x_wconf 69' lang='lat' dir='ltr'>bantur</span> <span class='ocrx_word' id='word_1_15' title='bbox 468 471 560 499; x_wconf 74' lang='lat' dir='ltr'>csse</span> <span class='ocrx_word' id='word_1_16' title='bbox 597 458 846 510; x_wconf 74' lang='lat' dir='ltr'><em>columpne,</em></span> <span class='ocrx_word' id='word_1_17' title='bbox 885 459 1091 497; x_wconf 69' lang='lat' dir='ltr'>dexteras</span> <span class='ocrx_word' id='word_1_18' title='bbox 1127 456 1345 496; x_wconf 70' lang='lat' dir='ltr'>dederunt</span> <span class='ocrx_word' id='word_1_19' title='bbox 1377 457 1513 497; x_wconf 77' lang='lat' dir='ltr'>michi</span> <span class='ocrx_word' id='word_1_20' title='bbox 1544 460 1583 496; x_wconf 80' lang='lat' dir='ltr'>et</span> 
     </span>
     <span class='ocr_line' id='line_1_4' title="bbox 264 526 1582 578; baseline -0.003 -8"><span class='ocrx_word' id='word_1_21' title='bbox 264 529 477 570; x_wconf 77' lang='lat' dir='ltr'>Barnabc</span> <span class='ocrx_word' id='word_1_22' title='bbox 518 528 756 574; x_wconf 75' lang='lat' dir='ltr'>societatis,</span> <span class='ocrx_word' id='word_1_23' title='bbox 801 530 847 566; x_wconf 76' lang='lat' dir='ltr'>ut</span> <span class='ocrx_word' id='word_1_24' title='bbox 880 539 960 567; x_wconf 77' lang='lat' dir='ltr'>nos</span> <span class='ocrx_word' id='word_1_25' title='bbox 1004 527 1051 566; x_wconf 72' lang='lat' dir='ltr'>in</span> <span class='ocrx_word' id='word_1_26' title='bbox 1078 529 1244 578; x_wconf 57' lang='lat' dir='ltr'>gemm,</span> <span class='ocrx_word' id='word_1_27' title='bbox 1278 526 1367 578; x_wconf 80' lang='lat' dir='ltr'>ipsi</span> <span class='ocrx_word' id='word_1_28' title='bbox 1401 539 1502 566; x_wconf 78' lang='lat' dir='ltr'>vcro</span> <span class='ocrx_word' id='word_1_29' title='bbox 1535 527 1582 566; x_wconf 76' lang='lat' dir='ltr'>in</span> 
     </span>
     <span class='ocr_line' id='line_1_5' title="bbox 264 595 1579 649; baseline -0.003 -10"><span class='ocrx_word' id='word_1_30' title='bbox 264 599 667 639; x_wconf 74' lang='lat' dir='ltr'><em>circumcisionem.</em></span> <span class='ocrx_word' id='word_1_31' title='bbox 712 596 808 637; x_wconf 87' lang='lat' dir='ltr'>Sed</span> <span class='ocrx_word' id='word_1_32' title='bbox 841 601 975 636; x_wconf 90' lang='lat' dir='ltr'>notet</span> <span class='ocrx_word' id='word_1_33' title='bbox 1006 608 1124 649; x_wconf 85' lang='lat' dir='ltr'>rogo</span> <span class='ocrx_word' id='word_1_34' title='bbox 1159 608 1362 648; x_wconf 84' lang='lat' dir='ltr'>arguens</span> <span class='ocrx_word' id='word_1_35' title='bbox 1396 609 1458 635; x_wconf 81' lang='lat' dir='ltr'>ex</span> <span class='ocrx_word' id='word_1_36' title='bbox 1487 595 1579 636; x_wconf 89' lang='lat' dir='ltr'>isto</span> 
     </span>
     <span class='ocr_line' id='line_1_6' title="bbox 233 665 1581 720; baseline -0.003 -12"><span class='ocrx_word' id='word_1_37' title='bbox 233 674 413 720; x_wconf 83' lang='lat' dir='ltr'>5textu,</span> <span class='ocrx_word' id='word_1_38' title='bbox 447 667 682 720; x_wconf 87' lang='lat' dir='ltr'>quomodo</span> <span class='ocrx_word' id='word_1_39' title='bbox 707 666 878 706; x_wconf 81' lang='lat' dir='ltr'>Paulus</span> <span class='ocrx_word' id='word_1_40' title='bbox 901 665 1104 706; x_wconf 88' lang='lat' dir='ltr'>triennio</span> <span class='ocrx_word' id='word_1_41' title='bbox 1129 672 1235 705; x_wconf 91' lang='lat' dir='ltr'>ante</span> <span class='ocrx_word' id='word_1_42' title='bbox 1257 665 1370 705; x_wconf 90' lang='lat' dir='ltr'>illud</span> <span class='ocrx_word' id='word_1_43' title='bbox 1393 672 1581 718; x_wconf 88' lang='lat' dir='ltr'>tempus</span> 
     </span>
     <span class='ocr_line' id='line_1_7' title="bbox 264 735 1581 789; baseline -0.002 -11"><span class='ocrx_word' id='word_1_44' title='bbox 264 738 364 778; x_wconf 90' lang='lat' dir='ltr'>sine</span> <span class='ocrx_word' id='word_1_45' title='bbox 411 751 572 778; x_wconf 89' lang='lat' dir='ltr'>eorum</span> <span class='ocrx_word' id='word_1_46' title='bbox 618 736 894 777; x_wconf 87' lang='lat' dir='ltr'>auctoritate</span> <span class='ocrx_word' id='word_1_47' title='bbox 939 735 1203 789; x_wconf 81' lang='lat' dir='ltr'>predicavit</span> <span class='ocrx_word' id='word_1_48' title='bbox 1251 735 1299 775; x_wconf 90' lang='lat' dir='ltr'>in</span> <span class='ocrx_word' id='word_1_49' title='bbox 1343 735 1581 788; x_wconf 79' lang='lat' dir='ltr'>gentibus,</span> 
     </span>
     <span class='ocr_line' id='line_1_8' title="bbox 265 804 1582 860; baseline -0.003 -12"><span class='ocrx_word' id='word_1_50' title='bbox 265 808 323 848; x_wconf 90' lang='lat' dir='ltr'>de</span> <span class='ocrx_word' id='word_1_51' title='bbox 356 821 450 860; x_wconf 91' lang='lat' dir='ltr'>quo</span> <span class='ocrx_word' id='word_1_52' title='bbox 483 820 577 847; x_wconf 89' lang='lat' dir='ltr'>non</span> <span class='ocrx_word' id='word_1_53' title='bbox 602 806 729 860; x_wconf 80' lang='lat' dir='ltr'>cepit</span> <span class='ocrx_word' id='word_1_54' title='bbox 751 804 1065 859; x_wconf 79' lang='lat' dir='ltr'>penitenciam</span> <span class='ocrx_word' id='word_1_55' title='bbox 1089 805 1166 844; x_wconf 89' lang='lat' dir='ltr'>vel</span> <span class='ocrx_word' id='word_1_56' title='bbox 1187 804 1582 858; x_wconf 89' lang='lat' dir='ltr'>reprobacionem</span> 
     </span>
     <span class='ocr_line' id='line_1_9' title="bbox 263 874 1582 930; baseline -0.002 -13"><span class='ocrx_word' id='word_1_57' title='bbox 263 891 288 917; x_wconf 94' lang='lat' dir='ltr'>a</span> <span class='ocrx_word' id='word_1_58' title='bbox 320 877 478 929; x_wconf 84' lang='lat' dir='ltr'>Petro,</span> <span class='ocrx_word' id='word_1_59' title='bbox 512 878 622 930; x_wconf 86' lang='lat' dir='ltr'>quia</span> <span class='ocrx_word' id='word_1_60' title='bbox 653 876 828 916; x_wconf 85' lang='lat' dir='ltr'>Paulus</span> <span class='ocrx_word' id='word_1_61' title='bbox 863 875 1006 916; x_wconf 87' lang='lat' dir='ltr'>cicius</span> <span class='ocrx_word' id='word_1_62' title='bbox 1036 875 1151 915; x_wconf 86' lang='lat' dir='ltr'>illud</span> <span class='ocrx_word' id='word_1_63' title='bbox 1181 874 1412 915; x_wconf 88' lang='lat' dir='ltr'>insereret</span> <span class='ocrx_word' id='word_1_64' title='bbox 1445 888 1582 928; x_wconf 89' lang='lat' dir='ltr'>quam</span> 
     </span>
     <span class='ocr_line' id='line_1_10' title="bbox 260 944 1581 1001; baseline -0.002 -14"><span class='ocrx_word' id='word_1_65' title='bbox 260 946 680 1001; x_wconf 82' lang='lat' dir='ltr'>reprehensionem</span> <span class='ocrx_word' id='word_1_66' title='bbox 712 945 854 986; x_wconf 88' lang='lat' dir='ltr'>Petri.</span> <span class='ocrx_word' id='word_1_67' title='bbox 906 944 1055 985; x_wconf 87' lang='lat' dir='ltr'>Notet</span> <span class='ocrx_word' id='word_1_68' title='bbox 1098 945 1308 985; x_wconf 89' lang='lat' dir='ltr'>secundo</span> <span class='ocrx_word' id='word_1_69' title='bbox 1342 945 1581 997; x_wconf 88' lang='lat' dir='ltr'>quomodo</span> 
     </span>
     <span class='ocr_line' id='line_1_11' title="bbox 209 1013 1583 1065; baseline -0.001 -8"><span class='ocrx_word' id='word_1_70' title='bbox 209 1031 248 1053; x_wconf 86' lang='lat'>10</span> <span class='ocrx_word' id='word_1_71' title='bbox 264 1016 498 1058; x_wconf 88' lang='lat' dir='ltr'>communi</span> <span class='ocrx_word' id='word_1_72' title='bbox 529 1015 725 1056; x_wconf 87' lang='lat' dir='ltr'>consilio</span> <span class='ocrx_word' id='word_1_73' title='bbox 760 1021 807 1055; x_wconf 93' lang='lat' dir='ltr'>et</span> <span class='ocrx_word' id='word_1_74' title='bbox 845 1014 1122 1055; x_wconf 89' lang='lat' dir='ltr'>auctoritate</span> <span class='ocrx_word' id='word_1_75' title='bbox 1162 1013 1344 1065; x_wconf 84' lang='lat' dir='ltr'>Christi,</span> <span class='ocrx_word' id='word_1_76' title='bbox 1388 1020 1439 1055; x_wconf 91' lang='lat' dir='ltr'>ut</span> <span class='ocrx_word' id='word_1_77' title='bbox 1471 1013 1583 1055; x_wconf 90' lang='lat' dir='ltr'>dicit</span> 
     </span>
     <span class='ocr_line' id='line_1_12' title="bbox 262 1083 1581 1139; baseline -0.002 -12"><span class='ocrx_word' id='word_1_78' title='bbox 262 1085 539 1139; x_wconf 82' lang='lat' dir='ltr'>Jeronimus,</span> <span class='ocrx_word' id='word_1_79' title='bbox 570 1086 717 1126; x_wconf 86' lang='lat' dir='ltr'>locuti</span> <span class='ocrx_word' id='word_1_80' title='bbox 749 1090 858 1126; x_wconf 89' lang='lat' dir='ltr'>sunt</span> <span class='ocrx_word' id='word_1_81' title='bbox 890 1084 1096 1138; x_wconf 88' lang='lat' dir='ltr'>apostoli</span> <span class='ocrx_word' id='word_1_82' title='bbox 1125 1084 1173 1124; x_wconf 93' lang='lat' dir='ltr'>in</span> <span class='ocrx_word' id='word_1_83' title='bbox 1196 1083 1397 1124; x_wconf 87' lang='lat' dir='ltr'>ecclesia</span> <span class='ocrx_word' id='word_1_84' title='bbox 1418 1083 1581 1137; x_wconf 89' lang='lat' dir='ltr'>primi-</span> 
     </span>
     <span class='ocr_line' id='line_1_13' title="bbox 262 1154 1582 1207; baseline -0.002 -10"><span class='ocrx_word' id='word_1_85' title='bbox 262 1158 369 1198; x_wconf 88' lang='lat' dir='ltr'>tiva.</span> <span class='ocrx_word' id='word_1_86' title='bbox 422 1156 594 1196; x_wconf 90' lang='lat' dir='ltr'>Petrus</span> <span class='ocrx_word' id='word_1_87' title='bbox 639 1161 792 1196; x_wconf 90' lang='lat' dir='ltr'>autem</span> <span class='ocrx_word' id='word_1_88' title='bbox 837 1168 899 1195; x_wconf 81' lang='lat' dir='ltr'>ex</span> <span class='ocrx_word' id='word_1_89' title='bbox 931 1155 1125 1194; x_wconf 86' lang='lat' dir='ltr'>decreto</span> <span class='ocrx_word' id='word_1_90' title='bbox 1168 1159 1298 1194; x_wconf 90' lang='lat' dir='ltr'>cetus</span> <span class='ocrx_word' id='word_1_91' title='bbox 1332 1154 1582 1207; x_wconf 89' lang='lat' dir='ltr'>apostolici</span> 
     </span>
     <span class='ocr_line' id='line_1_14' title="bbox 268 1223 1580 1279; baseline -0.002 -12"><span class='ocrx_word' id='word_1_92' title='bbox 268 1227 349 1267; x_wconf 85' lang='lat' dir='ltr'>fuit</span> <span class='ocrx_word' id='word_1_93' title='bbox 380 1225 600 1279; x_wconf 86' lang='lat' dir='ltr'>paracior</span> <span class='ocrx_word' id='word_1_94' title='bbox 632 1226 690 1266; x_wconf 91' lang='lat' dir='ltr'>ad</span> <span class='ocrx_word' id='word_1_95' title='bbox 720 1226 945 1276; x_wconf 82' lang='lat' dir='ltr'>laborem,</span> <span class='ocrx_word' id='word_1_96' title='bbox 979 1230 1029 1264; x_wconf 92' lang='lat' dir='ltr'>ut</span> <span class='ocrx_word' id='word_1_97' title='bbox 1061 1229 1193 1277; x_wconf 90' lang='lat' dir='ltr'>patet</span> <span class='ocrx_word' id='word_1_98' title='bbox 1223 1224 1329 1265; x_wconf 90' lang='lat' dir='ltr'>Act.</span> <span class='ocrx_word' id='word_1_99' title='bbox 1363 1223 1493 1274; x_wconf 90' lang='lat' dir='ltr'>VIII,</span> <span class='ocrx_word' id='word_1_100' title='bbox 1532 1238 1580 1275; x_wconf 83' lang='lat'>14</span> 
     </span>
     <span class='ocr_line' id='line_1_15' title="bbox 261 1293 1580 1348; baseline -0.002 -11"><span class='ocrx_word' id='word_1_101' title='bbox 261 1297 343 1337; x_wconf 88' lang='lat' dir='ltr'>ubi</span> <span class='ocrx_word' id='word_1_102' title='bbox 375 1295 556 1346; x_wconf 87' lang='lat' dir='ltr'>dicitur,</span> <span class='ocrx_word' id='word_1_103' title='bbox 596 1295 725 1348; x_wconf 90' lang='lat' dir='ltr'>quod</span> <span class='ocrx_word' id='word_1_104' title='bbox 757 1295 963 1347; x_wconf 78' lang='lat' dir='ltr'>apostoli,</span> <span class='ocrx_word' id='word_1_105' title='bbox 1001 1295 1077 1346; x_wconf 66' lang='grc' dir='ltr'>(μή</span> <span class='ocrx_word' id='word_1_106' title='bbox 1114 1297 1244 1334; x_wconf 72' lang='lat' dir='ltr'>erant</span> <span class='ocrx_word' id='word_1_107' title='bbox 1273 1293 1580 1347; x_wconf 75' lang='lat' dir='ltr'>Jerusolz&#39;mz&#39;s,</span> 
     </span>
     <span class='ocr_line' id='line_1_16' title="bbox 206 1362 1581 1408; baseline -0.001 -3"><span class='ocrx_word' id='word_1_108' title='bbox 206 1373 245 1405; x_wconf 86' lang='lat'>15</span> <span class='ocrx_word' id='word_1_109' title='bbox 261 1367 485 1408; x_wconf 76' lang='lat' dir='ltr'>miserunt</span> <span class='ocrx_word' id='word_1_110' title='bbox 520 1365 707 1406; x_wconf 74' lang='lat' dir='ltr'>Petrum</span> <span class='ocrx_word' id='word_1_111' title='bbox 753 1368 790 1405; x_wconf 76' lang='lat' dir='ltr'>et</span> <span class='ocrx_word' id='word_1_112' title='bbox 820 1364 1076 1405; x_wconf 69' lang='lat' dir='ltr'>,Iohannem</span> <span class='ocrx_word' id='word_1_113' title='bbox 1121 1364 1165 1404; x_wconf 81' lang='lat' dir='ltr'>in</span> <span class='ocrx_word' id='word_1_114' title='bbox 1204 1362 1478 1404; x_wconf 71' lang='lat' dir='ltr'>Samariam</span> <span class='ocrx_word' id='word_1_115' title='bbox 1523 1364 1581 1404; x_wconf 90' lang='lat' dir='ltr'>ad</span> 
     </span>
     <span class='ocr_line' id='line_1_17' title="bbox 263 1432 1579 1488; baseline -0.002 -12"><span class='ocrx_word' id='word_1_116' title='bbox 263 1435 630 1476; x_wconf 87' lang='lat' dir='ltr'>confirmandum</span> <span class='ocrx_word' id='word_1_117' title='bbox 694 1434 937 1488; x_wconf 83' lang='lat' dir='ltr'>populum,</span> <span class='ocrx_word' id='word_1_118' title='bbox 1004 1433 1083 1486; x_wconf 90' lang='lat' dir='ltr'>qui</span> <span class='ocrx_word' id='word_1_119' title='bbox 1145 1432 1276 1486; x_wconf 85' lang='lat' dir='ltr'>prius</span> <span class='ocrx_word' id='word_1_120' title='bbox 1331 1440 1579 1487; x_wconf 78' lang='lat' dir='ltr'>receperat</span> 
     </span>
     <span class='ocr_line' id='line_1_18' title="bbox 260 1503 1581 1556; baseline -0.003 -9"><span class='ocrx_word' id='word_1_121' title='bbox 260 1509 459 1547; x_wconf 84' lang='lat' dir='ltr'>verbum</span> <span class='ocrx_word' id='word_1_122' title='bbox 509 1504 618 1556; x_wconf 87' lang='lat' dir='ltr'>Dei;</span> <span class='ocrx_word' id='word_1_123' title='bbox 669 1504 750 1546; x_wconf 91' lang='lat' dir='ltr'>ubi</span> <span class='ocrx_word' id='word_1_124' title='bbox 799 1517 896 1544; x_wconf 90' lang='lat' dir='ltr'>non</span> <span class='ocrx_word' id='word_1_125' title='bbox 947 1509 1133 1544; x_wconf 88' lang='lat' dir='ltr'>notatur</span> <span class='ocrx_word' id='word_1_126' title='bbox 1183 1503 1328 1544; x_wconf 86' lang='lat' dir='ltr'>Petro</span> <span class='ocrx_word' id='word_1_127' title='bbox 1380 1503 1581 1544; x_wconf 91' lang='lat' dir='ltr'>humana</span> 
     </span>
     <span class='ocr_line' id='line_1_19' title="bbox 262 1572 1580 1631; baseline -0.002 -15"><span class='ocrx_word' id='word_1_128' title='bbox 262 1575 477 1631; x_wconf 84' lang='lat' dir='ltr'>dignitas,</span> <span class='ocrx_word' id='word_1_129' title='bbox 522 1575 651 1628; x_wconf 91' lang='lat' dir='ltr'>quod</span> <span class='ocrx_word' id='word_1_130' title='bbox 695 1573 901 1627; x_wconf 80' lang='lat' dir='ltr'>apostoli</span> <span class='ocrx_word' id='word_1_131' title='bbox 945 1587 1049 1613; x_wconf 90' lang='lat' dir='ltr'>eum</span> <span class='ocrx_word' id='word_1_132' title='bbox 1093 1572 1322 1613; x_wconf 89' lang='lat' dir='ltr'>miserunt</span> <span class='ocrx_word' id='word_1_133' title='bbox 1366 1574 1423 1613; x_wconf 88' lang='lat' dir='ltr'>ad</span> <span class='ocrx_word' id='word_1_134' title='bbox 1466 1573 1580 1614; x_wconf 88' lang='lat' dir='ltr'>illud</span> 
     </span>
     <span class='ocr_line' id='line_1_20' title="bbox 262 1642 1579 1697; baseline -0.002 -11"><span class='ocrx_word' id='word_1_135' title='bbox 262 1645 480 1693; x_wconf 86' lang='lat' dir='ltr'>officium,</span> <span class='ocrx_word' id='word_1_136' title='bbox 525 1643 646 1685; x_wconf 90' lang='lat' dir='ltr'>sicut</span> <span class='ocrx_word' id='word_1_137' title='bbox 690 1657 814 1697; x_wconf 90' lang='lat' dir='ltr'>papa</span> <span class='ocrx_word' id='word_1_138' title='bbox 857 1657 952 1684; x_wconf 92' lang='lat' dir='ltr'>non</span> <span class='ocrx_word' id='word_1_139' title='bbox 997 1649 1270 1696; x_wconf 85' lang='lat' dir='ltr'>acceptaret</span> <span class='ocrx_word' id='word_1_140' title='bbox 1307 1642 1397 1684; x_wconf 88' lang='lat' dir='ltr'>sibi</span> <span class='ocrx_word' id='word_1_141' title='bbox 1435 1643 1579 1697; x_wconf 89' lang='lat' dir='ltr'>digni-</span> 
     </span>
     <span class='ocr_line' id='line_1_21' title="bbox 203 1712 1580 1767; baseline 0 -15"><span class='ocrx_word' id='word_1_142' title='bbox 203 1730 245 1752; x_wconf 87' lang='lat'>20</span> <span class='ocrx_word' id='word_1_143' title='bbox 259 1721 403 1756; x_wconf 87' lang='lat' dir='ltr'>tatem</span> <span class='ocrx_word' id='word_1_144' title='bbox 427 1720 474 1755; x_wconf 91' lang='lat' dir='ltr'>et</span> <span class='ocrx_word' id='word_1_145' title='bbox 496 1715 738 1766; x_wconf 82' lang='lat' dir='ltr'>honorem,</span> <span class='ocrx_word' id='word_1_146' title='bbox 772 1714 900 1767; x_wconf 85' lang='lat' dir='ltr'>quod</span> <span class='ocrx_word' id='word_1_147' title='bbox 924 1713 1181 1754; x_wconf 86' lang='lat' dir='ltr'>cardinales</span> <span class='ocrx_word' id='word_1_148' title='bbox 1204 1712 1444 1753; x_wconf 86' lang='lat' dir='ltr'>mitterent</span> <span class='ocrx_word' id='word_1_149' title='bbox 1476 1726 1580 1753; x_wconf 88' lang='lat' dir='ltr'>eum</span> 
     </span>
     <span class='ocr_line' id='line_1_22' title="bbox 261 1783 1579 1838; baseline -0.003 -12"><span class='ocrx_word' id='word_1_150' title='bbox 261 1791 309 1826; x_wconf 90' lang='lat' dir='ltr'>et</span> <span class='ocrx_word' id='word_1_151' title='bbox 351 1798 492 1825; x_wconf 90' lang='lat' dir='ltr'>unum</span> <span class='ocrx_word' id='word_1_152' title='bbox 537 1784 817 1838; x_wconf 87' lang='lat' dir='ltr'>episcopum</span> <span class='ocrx_word' id='word_1_153' title='bbox 870 1783 1048 1824; x_wconf 90' lang='lat' dir='ltr'>socium</span> <span class='ocrx_word' id='word_1_154' title='bbox 1102 1783 1158 1823; x_wconf 88' lang='lat' dir='ltr'>ad</span> <span class='ocrx_word' id='word_1_155' title='bbox 1204 1784 1579 1823; x_wconf 85' lang='lat' dir='ltr'>convertendum</span> 
     </span>
     <span class='ocr_line' id='line_1_23' title="bbox 144 1852 1581 1908; baseline 0 -16"><span class='ocrx_word' id='word_1_156' title='bbox 144 1860 222 1893; x_wconf 74' lang='lat'>1850</span> <span class='ocrx_word' id='word_1_157' title='bbox 260 1869 397 1895; x_wconf 90' lang='lat' dir='ltr'>unam</span> <span class='ocrx_word' id='word_1_158' title='bbox 430 1860 635 1908; x_wconf 83' lang='lat' dir='ltr'>gentem.</span> <span class='ocrx_word' id='word_1_159' title='bbox 671 1855 729 1894; x_wconf 80' lang='lat' dir='ltr'>Et</span> <span class='ocrx_word' id='word_1_160' title='bbox 761 1859 893 1907; x_wconf 90' lang='lat' dir='ltr'>patet</span> <span class='ocrx_word' id='word_1_161' title='bbox 917 1854 1046 1906; x_wconf 89' lang='lat' dir='ltr'>quod</span> <span class='ocrx_word' id='word_1_162' title='bbox 1068 1853 1219 1893; x_wconf 89' lang='lat' dir='ltr'>minus</span> <span class='ocrx_word' id='word_1_163' title='bbox 1249 1854 1254 1905; x_wconf 90' lang='grc' dir='ltr'>Ι</span> <span class='ocrx_word' id='word_1_164' title='bbox 1280 1852 1581 1893; x_wconf 85' lang='lat' dir='ltr'>inevidenter</span> 
     </span>
     <span class='ocr_line' id='line_1_24' title="bbox 262 1922 1579 1976; baseline -0.002 -11"><span class='ocrx_word' id='word_1_165' title='bbox 262 1925 513 1965; x_wconf 88' lang='lat' dir='ltr'>eliceretur</span> <span class='ocrx_word' id='word_1_166' title='bbox 546 1939 607 1965; x_wconf 80' lang='lat' dir='ltr'>ex</span> <span class='ocrx_word' id='word_1_167' title='bbox 634 1924 724 1965; x_wconf 79' lang='lat' dir='ltr'>isto</span> <span class='ocrx_word' id='word_1_168' title='bbox 757 1930 892 1964; x_wconf 80' lang='lat' dir='ltr'>textu</span> <span class='ocrx_word' id='word_1_169' title='bbox 927 1924 1055 1976; x_wconf 89' lang='lat' dir='ltr'>quod</span> <span class='ocrx_word' id='word_1_170' title='bbox 1077 1924 1248 1964; x_wconf 85' lang='lat' dir='ltr'>Petrus</span> <span class='ocrx_word' id='word_1_171' title='bbox 1273 1928 1318 1963; x_wconf 87' lang='lat' dir='ltr'>et</span> <span class='ocrx_word' id='word_1_172' title='bbox 1340 1922 1579 1973; x_wconf 89' lang='lat' dir='ltr'>Johannes</span> 
     </span>
     <span class='ocr_line' id='line_1_25' title="bbox 262 1992 1580 2048; baseline -0.002 -13"><span class='ocrx_word' id='word_1_173' title='bbox 262 1995 504 2048; x_wconf 85' lang='lat' dir='ltr'>cepissent</span> <span class='ocrx_word' id='word_1_174' title='bbox 537 1994 832 2035; x_wconf 86' lang='lat' dir='ltr'>autoritatem</span> <span class='ocrx_word' id='word_1_175' title='bbox 865 1994 922 2034; x_wconf 93' lang='lat' dir='ltr'>ab</span> <span class='ocrx_word' id='word_1_176' title='bbox 947 1992 1177 2046; x_wconf 73' lang='lat' dir='ltr'>apostoiis</span> <span class='ocrx_word' id='word_1_177' title='bbox 1200 1992 1279 2046; x_wconf 83' lang='lat' dir='ltr'>qui</span> <span class='ocrx_word' id='word_1_178' title='bbox 1305 1992 1580 2033; x_wconf 88' lang='lat' dir='ltr'>residebant</span> 
     </span>
     <span class='ocr_line' id='line_1_26' title="bbox 204 2060 1579 2116; baseline 0 -14"><span class='ocrx_word' id='word_1_179' title='bbox 204 2063 571 2116; x_wconf 73' lang='lat' dir='ltr'>25Jerusolimis·=</span> <span class='ocrx_word' id='word_1_180' title='bbox 603 2077 699 2105; x_wconf 89' lang='lat' dir='ltr'>non</span> <span class='ocrx_word' id='word_1_181' title='bbox 732 2063 853 2103; x_wconf 88' lang='lat' dir='ltr'>enim</span> <span class='ocrx_word' id='word_1_182' title='bbox 887 2068 958 2103; x_wconf 88' lang='lat' dir='ltr'>est</span> <span class='ocrx_word' id='word_1_183' title='bbox 996 2075 1165 2115; x_wconf 85' lang='lat' dir='ltr'>magna</span> <span class='ocrx_word' id='word_1_184' title='bbox 1197 2060 1448 2102; x_wconf 84' lang='lat' dir='ltr'>auctoritas</span> <span class='ocrx_word' id='word_1_185' title='bbox 1483 2075 1579 2102; x_wconf 92' lang='lat' dir='ltr'>cur-</span> 
     </span>
     <span class='ocr_line' id='line_1_27' title="bbox 262 2131 1579 2186; baseline -0.002 -12"><span class='ocrx_word' id='word_1_186' title='bbox 262 2148 418 2175; x_wconf 86' lang='lat' dir='ltr'>sorem</span> <span class='ocrx_word' id='word_1_187' title='bbox 446 2133 566 2174; x_wconf 88' lang='lat' dir='ltr'>mitti</span> <span class='ocrx_word' id='word_1_188' title='bbox 599 2134 660 2173; x_wconf 86' lang='lat' dir='ltr'>ad</span> <span class='ocrx_word' id='word_1_189' title='bbox 682 2146 888 2186; x_wconf 83' lang='lat' dir='ltr'>operam.</span> <span class='ocrx_word' id='word_1_190' title='bbox 922 2131 1019 2173; x_wconf 86' lang='lat' dir='ltr'>Sed</span> <span class='ocrx_word' id='word_1_191' title='bbox 1040 2131 1187 2172; x_wconf 87' lang='lat' dir='ltr'>tercio</span> <span class='ocrx_word' id='word_1_192' title='bbox 1210 2137 1346 2172; x_wconf 89' lang='lat' dir='ltr'>notet</span> <span class='ocrx_word' id='word_1_193' title='bbox 1366 2131 1579 2171; x_wconf 85' lang='lat' dir='ltr'>falsarius</span> 
     </span>
     <span class='ocr_line' id='line_1_28' title="bbox 260 2201 1578 2256; baseline -0.002 -12"><span class='ocrx_word' id='word_1_194' title='bbox 260 2205 410 2245; x_wconf 87' lang='lat' dir='ltr'>verba</span> <span class='ocrx_word' id='word_1_195' title='bbox 460 2209 623 2243; x_wconf 81' lang='lat' dir='ltr'>textus</span> <span class='ocrx_word' id='word_1_196' title='bbox 669 2202 897 2256; x_wconf 85' lang='lat' dir='ltr'>Apostoli</span> <span class='ocrx_word' id='word_1_197' title='bbox 951 2208 996 2242; x_wconf 87' lang='lat' dir='ltr'>et</span> <span class='ocrx_word' id='word_1_198' title='bbox 1037 2201 1198 2243; x_wconf 88' lang='lat' dir='ltr'>videat</span> <span class='ocrx_word' id='word_1_199' title='bbox 1250 2201 1288 2242; x_wconf 92' lang='lat' dir='ltr'>si</span> <span class='ocrx_word' id='word_1_200' title='bbox 1334 2207 1578 2254; x_wconf 88' lang='lat' dir='ltr'>sequatur:</span> 
     </span>
     <span class='ocr_line' id='line_1_29' title="bbox 262 2271 1578 2325; baseline -0.002 -12"><span class='ocrx_word' id='word_1_201' title='bbox 262 2274 481 2325; x_wconf 82' lang='lat' dir='ltr'>Jacobus,</span> <span class='ocrx_word' id='word_1_202' title='bbox 533 2273 703 2312; x_wconf 89' lang='lat' dir='ltr'>Petrus</span> <span class='ocrx_word' id='word_1_203' title='bbox 756 2277 804 2312; x_wconf 93' lang='lat' dir='ltr'>et</span> <span class='ocrx_word' id='word_1_204' title='bbox 854 2272 1095 2323; x_wconf 86' lang='lat' dir='ltr'>Johannes</span> <span class='ocrx_word' id='word_1_205' title='bbox 1149 2271 1383 2311; x_wconf 86' lang='lat' dir='ltr'>dederunt</span> <span class='ocrx_word' id='word_1_206' title='bbox 1432 2271 1578 2311; x_wconf 86' lang='lat' dir='ltr'>Paulo</span> 
     </span>
     <span class='ocr_line' id='line_1_30' title="bbox 263 2340 1581 2394; baseline -0.002 -11"><span class='ocrx_word' id='word_1_207' title='bbox 263 2350 309 2383; x_wconf 88' lang='lat' dir='ltr'>et</span> <span class='ocrx_word' id='word_1_208' title='bbox 345 2343 562 2384; x_wconf 86' lang='lat' dir='ltr'>Barnabe</span> <span class='ocrx_word' id='word_1_209' title='bbox 607 2343 820 2383; x_wconf 81' lang='lat' dir='ltr'>dextram</span> <span class='ocrx_word' id='word_1_210' title='bbox 863 2341 1117 2390; x_wconf 82' lang='lat' dir='ltr'>societatiS,</span> <span class='ocrx_word' id='word_1_211' title='bbox 1160 2340 1305 2394; x_wconf 90' lang='lat' dir='ltr'>igitur</span> <span class='ocrx_word' id='word_1_212' title='bbox 1348 2340 1581 2381; x_wconf 87' lang='lat' dir='ltr'>dederunt</span> 
     </span>
     <span class='ocr_line' id='line_1_31' title="bbox 204 2410 1578 2463; baseline -0.001 -11"><span class='ocrx_word' id='word_1_213' title='bbox 204 2418 245 2449; x_wconf 75' lang='lat'>30</span> <span class='ocrx_word' id='word_1_214' title='bbox 263 2413 330 2453; x_wconf 89' lang='lat' dir='ltr'>eis</span> <span class='ocrx_word' id='word_1_215' title='bbox 364 2412 657 2454; x_wconf 83' lang='lat' dir='ltr'>autoritatem</span> <span class='ocrx_word' id='word_1_216' title='bbox 682 2411 782 2452; x_wconf 87' lang='lat' dir='ltr'>sive</span> <span class='ocrx_word' id='word_1_217' title='bbox 803 2410 1065 2457; x_wconf 80' lang='lat' dir='ltr'>licenciam3</span> <span class='ocrx_word' id='word_1_218' title='bbox 1099 2411 1345 2460; x_wconf 81' lang='lat' dir='ltr'>dederunt,</span> <span class='ocrx_word' id='word_1_219' title='bbox 1377 2410 1578 2463; x_wconf 89' lang='lat' dir='ltr'>inquam,</span> 
     </span>
     <span class='ocr_line' id='line_1_32' title="bbox 262 2480 1578 2534; baseline -0.003 -11"><span class='ocrx_word' id='word_1_220' title='bbox 262 2482 329 2523; x_wconf 91' lang='lat' dir='ltr'>eis</span> <span class='ocrx_word' id='word_1_221' title='bbox 360 2486 531 2524; x_wconf 88' lang='lat' dir='ltr'>bonam</span> <span class='ocrx_word' id='word_1_222' title='bbox 565 2481 855 2533; x_wconf 77' lang='lat' dir='ltr'>societatem,</span> <span class='ocrx_word' id='word_1_223' title='bbox 889 2481 1154 2534; x_wconf 85' lang='lat' dir='ltr'>gaudentes</span> <span class='ocrx_word' id='word_1_224' title='bbox 1188 2481 1317 2534; x_wconf 89' lang='lat' dir='ltr'>quod</span> <span class='ocrx_word' id='word_1_225' title='bbox 1349 2480 1479 2520; x_wconf 90' lang='lat' dir='ltr'>dedit</span> <span class='ocrx_word' id='word_1_226' title='bbox 1512 2480 1578 2520; x_wconf 90' lang='lat' dir='ltr'>eis</span> 
     </span>
     <span class='ocr_line' id='line_1_33' title="bbox 259 2548 1577 2605; baseline -0.003 -12"><span class='ocrx_word' id='word_1_227' title='bbox 259 2554 393 2593; x_wconf 87' lang='lat' dir='ltr'>Deus</span> <span class='ocrx_word' id='word_1_228' title='bbox 437 2550 640 2605; x_wconf 84' lang='lat' dir='ltr'>graciam</span> <span class='ocrx_word' id='word_1_229' title='bbox 684 2550 959 2604; x_wconf 89' lang='lat' dir='ltr'>predicandi</span> <span class='ocrx_word' id='word_1_230' title='bbox 1003 2549 1240 2605; x_wconf 89' lang='lat' dir='ltr'>gentibus,</span> <span class='ocrx_word' id='word_1_231' title='bbox 1281 2548 1401 2589; x_wconf 89' lang='lat' dir='ltr'>sicut</span> <span class='ocrx_word' id='word_1_232' title='bbox 1432 2550 1577 2589; x_wconf 87' lang='lat' dir='ltr'>Petro</span> 
     </span>
     <span class='ocr_line' id='line_1_34' title="bbox 260 2619 1579 2675; baseline -0.002 -13"><span class='ocrx_word' id='word_1_233' title='bbox 260 2622 437 2674; x_wconf 76' lang='lat' dir='ltr'>judeis,</span> <span class='ocrx_word' id='word_1_234' title='bbox 481 2634 639 2675; x_wconf 88' lang='lat' dir='ltr'>ymmo</span> <span class='ocrx_word' id='word_1_235' title='bbox 671 2620 890 2675; x_wconf 88' lang='lat' dir='ltr'>precepit</span> <span class='ocrx_word' id='word_1_236' title='bbox 923 2633 1143 2673; x_wconf 86' lang='lat' dir='ltr'>separare</span> <span class='ocrx_word' id='word_1_237' title='bbox 1183 2619 1273 2660; x_wconf 89' lang='lat' dir='ltr'>sibi</span> <span class='ocrx_word' id='word_1_238' title='bbox 1303 2619 1498 2659; x_wconf 89' lang='lat' dir='ltr'>Paulum</span> <span class='ocrx_word' id='word_1_239' title='bbox 1532 2625 1579 2659; x_wconf 90' lang='lat' dir='ltr'>et</span> 
     </span>
     <span class='ocr_line' id='line_1_35' title="bbox 261 2689 1010 2732; baseline 0 -1"><span class='ocrx_word' id='word_1_240' title='bbox 261 2692 524 2732; x_wconf 86' lang='lat' dir='ltr'>Barnabam</span> <span class='ocrx_word' id='word_1_241' title='bbox 558 2692 615 2731; x_wconf 90' lang='lat' dir='ltr'>ad</span> <span class='ocrx_word' id='word_1_242' title='bbox 645 2690 761 2731; x_wconf 90' lang='lat' dir='ltr'>illud</span> <span class='ocrx_word' id='word_1_243' title='bbox 794 2689 1010 2731; x_wconf 87' lang='lat' dir='ltr'>officium.</span> 
     </span>
    </p>
   </div>
   <div class='ocr_carea' id='block_1_3' title="bbox 333 2908 632 2941">
    <p class='ocr_par' dir='ltr' id='par_1_3' title="bbox 333 2908 632 2941">
     <span class='ocr_line' id='line_1_36' title="bbox 333 2908 632 2941; baseline -0.003 -5"><span class='ocrx_word' id='word_1_244' title='bbox 333 2908 359 2937; x_wconf 81' lang='lat'>3.</span> <span class='ocrx_word' id='word_1_245' title='bbox 382 2917 475 2941; x_wconf 68' lang='lat' dir='ltr'>ven),-</span> <span class='ocrx_word' id='word_1_246' title='bbox 494 2910 538 2936; x_wconf 87' lang='lat' dir='ltr'>A:</span> <span class='ocrx_word' id='word_1_247' title='bbox 560 2917 632 2936; x_wconf 78' lang='lat' dir='ltr'>non.</span> 
     </span>
    </p>
   </div>
   <div class='ocr_carea' id='block_1_4' title="bbox 1817 283 1869 320">
    <p class='ocr_par' dir='ltr' id='par_1_4' title="bbox 1817 283 1869 320">
     <span class='ocr_line' id='line_1_37' title="bbox 1817 283 1869 320; baseline -0.019 0"><span class='ocrx_word' id='word_1_248' title='bbox 1817 283 1869 320; x_wconf 78' lang='lat'>99</span> 
     </span>
    </p>
   </div>
   <div class='ocr_carea' id='block_1_5' title="bbox 1595 605 1872 738">
    <p class='ocr_par' dir='ltr' id='par_1_5' title="bbox 1595 605 1872 711">
     <span class='ocr_line' id='line_1_38' title="bbox 1672 605 1795 634; baseline 0.008 -1"><span class='ocrx_word' id='word_1_249' title='bbox 1672 605 1717 633; x_wconf 85' lang='lat' dir='ltr'>He</span> <span class='ocrx_word' id='word_1_250' title='bbox 1738 606 1795 634; x_wconf 84' lang='lat' dir='ltr'>had</span> 
     </span>
     <span class='ocr_line' id='line_1_39' title="bbox 1607 640 1862 674; baseline 0.004 -7"><span class='ocrx_word' id='word_1_251' title='bbox 1607 640 1756 674; x_wconf 76' lang='lat' dir='ltr'>preached</span> <span class='ocrx_word' id='word_1_252' title='bbox 1778 642 1862 668; x_wconf 80' lang='lat' dir='ltr'>three</span> 
     </span>
     <span class='ocr_line' id='line_1_40' title="bbox 1595 675 1872 711; baseline 0.004 -9"><span class='ocrx_word' id='word_1_253' title='bbox 1595 683 1684 711; x_wconf 85' lang='lat' dir='ltr'>years</span> <span class='ocrx_word' id='word_1_254' title='bbox 1711 675 1814 703; x_wconf 83' lang='lat' dir='ltr'>before</span> <span class='ocrx_word' id='word_1_255' title='bbox 1836 677 1872 703; x_wconf 83' lang='lat' dir='ltr'>he</span> 
     </span>
    </p>

    <p class='ocr_par' dir='ltr' id='par_1_6' title="bbox 1643 710 1820 738">
     <span class='ocr_line' id='line_1_41' title="bbox 1643 710 1820 738; baseline 0 -1"><span class='ocrx_word' id='word_1_256' title='bbox 1643 714 1705 738; x_wconf 87' lang='lat' dir='ltr'>met</span> <span class='ocrx_word' id='word_1_257' title='bbox 1726 710 1820 738; x_wconf 80' lang='lat' dir='ltr'>Peter.</span> 
     </span>
    </p>
   </div>
   <div class='ocr_carea' id='block_1_6' title="bbox 1594 1373 1871 1478">
    <p class='ocr_par' dir='ltr' id='par_1_7' title="bbox 1594 1373 1871 1478">
     <span class='ocr_line' id='line_1_42' title="bbox 1648 1373 1818 1400; baseline 0 -1"><span class='ocrx_word' id='word_1_258' title='bbox 1648 1373 1734 1400; x_wconf 81' lang='lat' dir='ltr'>Peter</span> <span class='ocrx_word' id='word_1_259' title='bbox 1753 1380 1818 1399; x_wconf 74' lang='lat' dir='ltr'>was</span> 
     </span>
     <span class='ocr_line' id='line_1_43' title="bbox 1594 1407 1871 1436; baseline 0 -2"><span class='ocrx_word' id='word_1_260' title='bbox 1594 1412 1660 1435; x_wconf 81' lang='lat' dir='ltr'>sent</span> <span class='ocrx_word' id='word_1_261' title='bbox 1679 1412 1709 1434; x_wconf 86' lang='lat' dir='ltr'>to</span> <span class='ocrx_word' id='word_1_262' title='bbox 1730 1407 1871 1436; x_wconf 81' lang='lat' dir='ltr'>Samaria</span> 
     </span>
     <span class='ocr_line' id='line_1_44' title="bbox 1595 1443 1868 1478; baseline 0.007 -9"><span class='ocrx_word' id='word_1_263' title='bbox 1595 1443 1633 1478; x_wconf 84' lang='lat' dir='ltr'>by</span> <span class='ocrx_word' id='word_1_264' title='bbox 1653 1443 1704 1470; x_wconf 84' lang='lat' dir='ltr'>the</span> <span class='ocrx_word' id='word_1_265' title='bbox 1723 1443 1868 1478; x_wconf 81' lang='lat' dir='ltr'>apostles.</span> 
     </span>
    </p>
   </div>
  </div>
 </body>
</html>
