2078 3338
221 291 308 321 CAP.
331 281 428 337 vm]
618 295 677 326 DE
703 291 984 326 POTEsTATE
1011 289 1140 324 PAPE.
1746 277 1820 327 165

458 448 885 509 CAPITULUM
927 446 1290 508 OCTAVUM.

274 551 370 592 Iam
400 557 547 592 restat
589 551 754 591 videre
787 550 825 590 si
869 555 1088 603 oporteat
1130 548 1410 604 regulariter
1435 547 1531 588 Ro·
1567 564 1749 591 Derivation
1771 564 1806 592 of

215 634 399 661 manum
430 621 702 675 pontificem
736 634 840 661 esse
872 634 1043 673 papam
1077 625 1125 660 et
1154 618 1456 659 inmediatum
1478 630 1533 657 ac
1609 598 1767 669 Tiffoge‘iiid

215 691 483 744 proximum
527 690 748 731 vicarium
793 689 966 731 Christi
1008 690 1055 729 in
1096 688 1249 730 terris.
1306 687 1402 729 Sed
1445 700 1533 741 pro

183 759 401 802 5nomine
427 773 560 813 pape,
594 760 864 813 notandum,
899 759 1028 812 quod
1059 758 1106 798 in
1139 757 1369 811 scriptura
1392 770 1535 807 sacra,

216 829 255 870 si
284 830 408 869 bene
439 830 606 881 habeo,
638 843 733 870 non
766 828 1058 883 exprimitur,
1091 827 1178 869 sed
1210 834 1283 868 est
1315 829 1374 869 ab
1397 826 1534 866 inter-

214 898 429 939 ieccione
466 912 600 952 pape,
645 900 771 953 quod
813 898 1169 939 admiracionem
1212 897 1379 951 signat,
1419 896 1535 936 deri-

215 973 388 1009 vatum.
441 968 580 1009 Unde
626 968 692 1009 eis
739 968 963 1009 convenit
1000 967 1195 1021 proprie
1234 967 1313 1021 qui
1349 967 1396 1007 in
1430 979 1535 1006 con-

214 1038 493 1078 versacione
525 1044 633 1078 sunt
664 1038 961 1079 admirabiles
995 1037 1267 1088 sanctitate3
1309 1038 1364 1077 ad
1398 1049 1537 1090 quem

163 1128 200 1149 10
216 1120 410 1148 sensum
434 1108 602 1149 Ihesus
623 1113 787 1148 noster
810 1113 883 1149 est
905 1122 1110 1149 summus
1132 1121 1257 1161 papa
1282 1105 1537 1160 possibilis,

216 1190 320 1217 cum
352 1178 411 1217 de
456 1191 513 1218 eo
547 1177 767 1219 scribitur
799 1177 965 1219 Ysaias
1002 1177 1090 1230 IX,
1130 1179 1174 1217 6:
1221 1177 1276 1217 Et
1308 1176 1540 1217 vocabitur

214 1259 376 1288 nomen
416 1249 511 1288 eius
541 1248 849 1300 admirabilis,
888 1248 1193 1295 consiliarius,
1229 1246 1354 1287 Deus
1378 1245 1538 1300 fortis,

207 1317 425 1370 princeps
439 1319 586 1371 pacis.
617 1317 739 1359 Olim
761 1323 920 1358 autem
941 1317 1101 1358 vocati
1124 1321 1232 1358 sunt
1255 1315 1538 1369 quicumque
1572 1314 1807 1377 usnggffilg'er

215 1387 363 1428 sancti
396 1387 613 1441 episcopi
651 1387 802 1428 sancti
832 1400 970 1441 pape.
1009 1386 1149 1427 Unde
1183 1385 1387 1440 epistola
1418 1382 1538 1424 VIII
1625 1384 1765 1418 bi⁵h01³³⁴

163 1456 440 1508 15Jeronimi
484 1458 541 1497 ad
584 1456 906 1511 Augustinum
951 1456 1018 1498 sic
1063 1455 1293 1510 loquitur:
1338 1454 1536 1496 Domino

214 1539 316 1567 vere
351 1531 504 1568 sancto
544 1531 583 1568 et
620 1527 876 1568 beatissimo
909 1539 1032 1580 pape
1062 1526 1318 1580 Augustino
1350 1524 1536 1566 Jeroni-

214 1608 320 1637 mus
349 1597 555 1638 salutem.
606 1596 740 1649 Item,
784 1596 1083 1650 Augustinus
1129 1595 1332 1649 epistola
1367 1592 1539 1634 XVIII

215 1666 273 1705 ad
304 1644 650 1706 Paulinum⁸sic
681 1666 908 1720 loquitur:
940 1665 1102 1706 Libros
1135 1664 1386 1706 beatissimi
1420 1675 1540 1716 pape

213 1733 449 1776 Ambrosii
469 1736 602 1776 credo
624 1737 785 1777 habere
805 1736 1091 1776 sanctitatem
1113 1738 1256 1786 tuam,
1288 1746 1362 1774 eos
1387 1736 1540 1773 autem

159 1822 201 1842 20
214 1807 410 1845 multum
442 1806 647 1846 desidero
680 1818 789 1859 quos
819 1806 1042 1846 adversus
1075 1805 1317 1845 nonnullos
1343 1803 1537 1856 imperi-

216 1876 418 1916 tissimos
460 1879 499 1916 et
540 1875 904 1928 superbissimos,
949 1875 1026 1927 qui
1069 1875 1123 1914 de
1159 1873 1365 1914 Platonis
1408 1872 1541 1912 libris

216 1945 453 1986 dominum
491 1944 740 1998 profecisse
783 1945 1065 1994 contendunt,
1110 1943 1455 1996 diligentissime
1487 1954 1541 1981 ac

216 2015 525 2066 copiosissime
544 2015 738 2067 scripsit.
763 2014 893 2065 Item,
918 2013 1122 2067 epistola
1142 2012 1193 2053 X
1215 2013 1273 2052 ad
1294 2011 1539 2052 Aurelium

218 2083 431 2124 scribunt
451 2084 622 2138 Alpius
647 2089 695 2124 et
716 2082 1033 2137 Augustinus:
1062 2081 1257 2123 Domin'o
1281 2082 1538 2122 beatissimo

162 2158 201 2191 25
212 2166 333 2206 pape
347 2152 555 2203 Aurelio;
576 2168 665 2194 nec
687 2153 774 2194 fuit
795 2154 887 2194 iste
900 2152 1119 2194 Aurelius
1141 2165 1265 2206 papa
1282 2151 1539 2205 episcopus

218 2222 475 2273 Romanus,
507 2228 559 2263 ut
589 2228 722 2276 patet
755 2223 958 2276 epistola
991 2221 1264 2263 CXXXIX
1295 2222 1355 2262 ad
1386 2220 1540 2262 Gene-

218 2304 388 2345 rosum⁷
418 2291 467 2332 in
499 2305 590 2345 qua
622 2298 862 2332 enumerat
885 2305 1047 2333 omnes
1071 2291 1328 2344 episcopos
1352 2304 1376 2330 a
1396 2292 1538 2330 beato

219 2360 362 2402 Petro
405 2374 555 2414 usque
600 2362 660 2402 ad
702 2360 1019 2412 Anastasium,
1065 2360 1145 2414 qui
1188 2365 1300 2401 tunc
1346 2360 1541 2400 eandem

293 2517 302 2536 1
337 2510 365 2536 A
384 2509 416 2536 in
437 2517 549 2545 marg:
572 2518 596 2537 c.
619 2509 646 2537 8.
720 2519 749 2545 4.
771 2510 824 2537 AB
845 2509 876 2536 in
892 2517 1005 2544 marg:
1027 2509 1114 2545 Papa
1134 2509 1191 2536 hoc
1211 2516 1319 2536 nomen
1334 2508 1411 2544 quid
1427 2508 1541 2544 signet.

223 2562 267 2589 14.
289 2556 317 2582 A
337 2556 367 2582 in
388 2563 503 2591 marg:
527 2556 617 2591 Quod
629 2564 708 2592 pape
721 2556 913 2584 vocabantur
924 2556 1115 2589 Jeronymus,
1135 2554 1337 2591 Augustinus,
1352 2553 1541 2588 Ambrosius,

221 2600 366 2628 Aurelius
385 2604 415 2628 et
432 2602 499 2628 alii.
521 2601 603 2629 Nola
623 2602 815 2638 Augustinus
833 2602 1020 2629 mirabiliter
1039 2604 1148 2628 contra
1172 2599 1238 2634 Wy.

292 2684 324 2717 8.
350 2683 403 2718 Cf.
429 2683 506 2716 The
532 2685 679 2727 English
705 2685 833 2717 Works
871 2684 911 2717 of
933 2684 1067 2727 Wyclif
1089 2684 1143 2717 ed.
1182 2683 1349 2715 Matthew
1387 2694 1419 2725 p.
1458 2693 1538 2725 471.

224 2743 288 2774 See
303 2742 504 2774 Freeman’s
519 2743 672 2774 Williarn
692 2733 803 2775 Rufus
818 2743 840 2787 Ι7
858 2753 934 2786 29²·
952 2742 1003 2775 Cf.
1019 2742 1123 2782 Huss,
1141 2740 1233 2773 256¹&
1290 2752 1339 2782 14.
1354 2742 1419 2783 Ep.
1438 2741 1541 2772 CXII.

224 2801 320 2833 Hier.
347 2801 402 2832 ad.
423 2802 511 2843 Aug.
538 2802 655 2843 Migne
675 2802 766 2833 Patr.
793 2801 994 2841 tom.XX11‚
1021 2799 1088 2845 916
1114 2806 1148 2831 et
1160 2800 1250 2841 Aug.
1278 2799 1370 2841 Opp.
1398 2798 1435 2839 ΙΙ,
1468 2797 1541 2841 189·

232 2857 281 2889 18.
308 2857 372 2900 Ep.
399 2859 503 2890 XXXI
531 2859 571 2892 al.
591 2859 713 2890 XXXII
742 2859 834 2901 Opp.
858 2865 944 2891 tom.
972 2859 1009 2898 11,
1039 2857 1091 2891 58.
1189 2858 1242 2889 23.
1270 2856 1356 2889 Ibid.
1383 2867 1450 2898 pag
1488 2857 1540 2899 87.

235 2915 288 2947 26.
314 2918 378 2958 Ep.
407 2918 479 2948 LIII
507 2917 549 2949 al.
577 2917 699 2948 CLXV
726 2917 771 2951 ib.
798 2927 875 2959 pag.
908 2927 980 2947 120.
