2078 3338
170 267 258 295 cm».
285 255 368 312 ΧΠ]
560 268 618 299 DE
644 267 926 299 POTESTATE
954 268 1086 299 PAPE.
1689 269 1767 305 333

168 375 370 414 brorum.
424 371 620 412 Constat
663 371 853 425 quidem
904 371 1033 424 quod
1077 371 1231 411 clerus
1276 369 1481 410 ecclesie

171 441 400 482 claudicat
429 440 477 481 in
509 441 624 481 duas
646 446 807 494 partes
831 440 995 491 divisa,
1029 439 1211 481 scilicet
1230 439 1278 480 in
1299 444 1482 493 partem

171 510 340 552 Christi
384 516 431 551 et
474 516 654 564 partem
699 523 950 552 cesaream.
1003 509 1118 550 Ideo
1163 522 1364 549 necesse
1409 513 1483 548 est

169 581 332 634 laycos
364 585 676 634 supportatos
709 593 797 634 per
817 579 950 634 ipsos
981 579 1030 619 in
1063 578 1288 633 opinione
1320 583 1368 618 et
1387 577 1485 618 vita

137 655 262 693 fitam
296 649 510 704 dispares
542 650 759 692 titubare.

226 720 437 761 Possunt
475 726 628 761 autem
669 720 761 761 iste
808 720 898 761 due
940 724 1101 773 partes
1143 732 1231 773 per
1267 718 1359 758 hoc
1392 716 1482 758 dis-

171 789 300 830 cerni
330 789 577 843 potissime
601 791 731 843 quod
755 790 906 830 clerus
930 802 1148 830 cesareus
1169 788 1314 829 instat
1335 792 1483 828 atten-

171 859 268 900 cius
319 873 404 913 pro
457 858 794 900 tradicionibus
851 859 1063 899 humanis
1117 863 1165 899 et
1222 856 1485 911 privilegiis

171 942 263 982 que
293 929 463 969 fastum
497 934 544 969 et
574 929 754 969 lucrum
777 928 924 969 seculi
946 927 1134 982 sapiunt
1157 926 1484 968 defendendis.

118 1018 157 1040 lo
172 997 269 1039 Sed
313 999 464 1039 clerus
499 997 670 1040 Christi
710 999 896 1040 laborat
942 997 1128 1039 assidue
1166 1011 1252 1051 pro
1296 996 1485 1051 legibus

172 1068 344 1109 Christi
365 1073 413 1109 et
436 1068 534 1109 eius
556 1068 831 1122 privilegiis,
853 1068 1024 1122 quibus
1046 1069 1222 1108 bonum
1245 1066 1486 1121 spirituale

172 1137 424 1191 acquiritur
457 1139 822 1190 ostendendum;
855 1151 945 1178 nec
976 1138 1093 1191 phas
1127 1142 1200 1178 est
1229 1136 1359 1177 fideli
1391 1135 1480 1176 dis-

172 1208 365 1248 credere
398 1207 510 1262 quin
541 1208 631 1249 ista
659 1221 768 1262 pars
802 1207 862 1248 sit
889 1213 1020 1248 recta
1048 1213 1097 1248 et
1126 1207 1254 1261 prior
1276 1218 1487 1260 erronea,

170 1277 219 1318 in
249 1283 428 1318 tantum
474 1278 603 1332 quod
647 1278 797 1319 omnis
840 1277 1044 1319 innitens
1081 1276 1230 1331 priori
1259 1276 1384 1330 parti
1417 1281 1490 1317 est

120 1357 156 1390 ις’)
171 1347 373 1389 infidelis
394 1348 645 1401 hereticus,
678 1348 785 1402 quia
811 1348 859 1389 in
881 1347 1141 1389 affeccione
1163 1346 1488 1401 preponderat

171 1419 298 1458 bona
340 1418 616 1472 temporalia
659 1417 798 1459 bonis
833 1418 1020 1472 eternis,
1067 1422 1114 1458 et
1152 1430 1255 1457 cum
1286 1416 1488 1470 pertina-

174 1488 292 1528 citer
335 1487 548 1528 defendit
595 1488 720 1528 hunc
765 1501 972 1529 errorem
1015 1493 1250 1541 tamquam
1301 1498 1490 1536 avarus,

172 1559 291 1610 quod
333 1561 396 1599 est
423 1559 682 1611 ydolorum
724 1559 931 1612 servitus,
983 1562 1116 1611 patet
1166 1556 1295 1610 quod
1340 1555 1490 1596 omnis

173 1628 277 1668 talis
310 1627 372 1668 sit
400 1627 638 1669 hereticus
669 1627 883 1669 infidelis.

118 1715 160 1736 20
230 1698 292 1738 Et
324 1711 387 1738 ex
406 1698 498 1739 ista
518 1697 716 1752 perfidia
737 1697 981 1751 consurgit
1000 1696 1194 1749 heresis,
1229 1696 1356 1750 quod
1376 1694 1490 1735 licet
1555 1704 1673 1744 Heresy
1693 1703 1728 1731 of

1538 1739 1742 1774 maintalning

176 1767 357 1809 clericis
390 1774 437 1809 et
458 1768 729 1822 specialiter
751 1767 994 1822 episcopis
1018 1766 1218 1808 civiliter
1247 1764 1487 1816 dominari,
1531 1774 1747 1836 tgffgutiiisrffij

176 1837 306 1891 quod
337 1837 525 1878 fulcitur
558 1851 620 1879 ex
649 1839 741 1878 hoc
776 1838 905 1892 quod
940 1836 1201 1877 dominacio
1236 1834 1385 1876 civilis
1416 1839 1490 1875 est
1578 1844 1707 1883 bepause

174 1907 313 1959 licita,
335 1908 448 1949 licet
463 1907 683 1960 difficilis;
705 1907 783 1948 ille
805 1907 947 1962 igitur
962 1907 1042 1961 qui
1054 1908 1255 1947 haberet
1267 1905 1490 1946 maiorem
1539 1878 1742 1941 qaeiissssdmi'y

175 1977 483 2031 prudenciam
522 1979 580 2018 ad
619 1978 878 2019 cavendum
915 1976 1187 2031 periculum,
1226 1982 1277 2016 ut
1314 1975 1492 2015 habent

122 2053 161 2086 25
179 2047 409 2101 episcopi,
459 2048 609 2101 magis
667 2048 794 2089 licite
854 2052 1115 2088 assumeret
1171 2047 1291 2086 hanc
1349 2044 1493 2086 vitam

176 2117 480 2158 honorificam
513 2117 789 2159 dominandi.
833 2117 928 2158 Per
957 2118 1081 2157 hunc
1112 2115 1271 2157 fucum
1304 2114 1492 2155 conclu-

180 2187 304 2228 ditur
341 2189 469 2241 quod
509 2187 1006 2229 convenientissimum
1051 2191 1125 2227 est
1166 2184 1363 2226 clericos
1394 2184 1494 2225 bel-

177 2258 289 2309 lare,
333 2257 526 2299 uxorari
569 2264 617 2300 et
661 2257 920 2312 quemlibet
962 2262 1133 2298 statum
1176 2254 1496 2309 periculosum

181 2341 434 2382 assumere,
468 2341 572 2368 cum
603 2327 754 2369 virtus
788 2326 1007 2368 consistit
1039 2326 1164 2367 circa
1196 2324 1397 2366 difficile.

127 2403 168 2435 30
241 2396 336 2439 Sed
388 2397 541 2452 primo
598 2399 716 2439 tollo
775 2397 912 2439 istam
968 2396 1252 2447 versuciam3
1310 2398 1496 2435 constat

183 2466 370 2521 quidem
403 2468 533 2521 quod
576 2468 720 2508 multa
757 2473 867 2508 sunt
896 2466 1036 2519 licita,
1077 2479 1170 2520 que
1201 2469 1403 2520 propter
1432 2463 1498 2503 in-

181 2536 493 2578 ferioritatem
515 2550 644 2578 suam
677 2542 787 2578 sunt
807 2536 1090 2578 Antichristi
1122 2534 1306 2577 clericis
1336 2533 1498 2583 aliena,

185 2606 251 2646 sic
285 2607 414 2660 quod
455 2605 549 2660 ipsi
589 2611 846 2660 peccarent
889 2605 1112 2660 graviter,
1158 2604 1348 2645 dimissa
1390 2616 1498 2657 ope-

183 2676 374 2717 racione
399 2676 560 2730 nobili,
589 2676 863 2730 operacioni
886 2675 1086 2729 ignobili
1111 2674 1418 2724 intendendo,
1454 2678 1501 2713 et

132 2749 171 2784 35
186 2745 253 2786 sic
303 2751 504 2800 propter
552 2745 906 2800 perfeccionem
956 2750 1106 2786 status
1157 2744 1282 2785 foret
1331 2742 1501 2797 turpis-

258 2915 285 2942 9.
308 2907 424 2935 Codd.:
446 2906 678 2943 defendendum.
