2078 3338
195 248 283 277 cm.
308 238 379 295 iv]
587 252 647 283 DE
675 252 957 284 POTEsTATE
984 252 1115 284 PAPE.

194 355 408 395 Vicarius
442 355 564 395 enim
596 356 643 395 in
676 361 902 409 quantum
923 355 1192 396 huiusmodi
1215 355 1339 409 gerit
1361 355 1515 396 vicem

196 425 453 478 superioris
499 439 523 466 a
556 439 650 478 quo
693 426 820 479 capit
851 426 1074 466 vicariam
1105 430 1409 478 potestatem.
1463 425 1515 467 Si

193 494 336 546 igitur
367 494 414 534 in
435 495 669 549 principio
695 496 825 549 quod
847 496 994 536 debet
1015 496 1232 548 regulare
1263 495 1518 548 sequencia

193 563 366 605 Petrus
410 578 504 605 non
536 565 706 606 fuisset
741 566 807 606 sic
841 565 1015 606 Christi
1045 565 1252 605 vicarius
1288 565 1378 605 nisi
1410 565 1518 618 quia

163 639 386 680 5secutus
417 634 506 674 fuit
538 648 642 675 eum
674 635 1003 689 propinquius,
1041 647 1128 688 per
1158 635 1315 675 locum
1346 648 1371 674 a
1393 634 1516 675 suffi-

195 703 338 744 cienti
390 704 690 745 similitudine
744 710 938 759 oportet
990 706 1120 758 quod
1181 704 1313 744 Petri
1366 704 1514 744 archi-

193 773 393 814 vicarius
439 774 497 813 de
541 775 870 828 propinquiori
913 780 1138 828 sequatur
1182 764 1437 815 Christum
1469 779 1516 814 et

192 857 281 897 per
314 857 613 897 consequens
645 845 838 885 Petrum
871 845 916 885 in
948 845 1171 886 moribus.

251 913 385 964 Item,
417 913 540 955 illius
574 919 648 954 est
668 915 809 955 homo
833 914 1036 956 vicarius
1061 914 1192 955 cuius
1214 914 1367 954 vicem
1391 914 1516 968 gerit

140 1007 177 1028 10
194 989 242 1024 et
274 997 298 1023 a
332 997 425 1037 quo
459 985 832 1037 procuratoriam
870 989 1161 1038 potestatem
1198 984 1410 1037 legitime
1443 997 1515 1024 ac-

193 1053 333 1107 cepit⁷
378 1054 464 1094 sed
507 1068 645 1095 nemo
691 1054 816 1108 gerit
860 1054 1011 1095 vicem
1058 1053 1232 1094 Christi
1275 1055 1352 1094 vel
1384 1054 1516 1094 Petri

191 1124 281 1165 nisi
325 1130 549 1178 sequatur
601 1138 706 1165 eum
749 1125 795 1164 in
841 1124 1064 1177 moribus,
1113 1137 1216 1164 cum
1260 1124 1385 1164 nulla
1430 1124 1515 1164 alia

76 1204 154 1248 176b
192 1207 243 1234 se
272 1193 276 1248 Ι
305 1195 443 1248 quela
490 1194 551 1234 sit
581 1194 826 1247 pertinens
858 1207 947 1234 nec
981 1194 1114 1234 aliter
1143 1193 1317 1247 recipit
1350 1206 1375 1232 a
1405 1193 1512 1233 Deo

191 1264 565 1317 procuratoriam
586 1268 891 1317 potestatem,
924 1263 1066 1318 igitur
1090 1263 1148 1303 ad
1170 1263 1283 1303 illud
1308 1263 1514 1303 officium

140 1345 175 1377 15
192 1333 416 1374 vicarium
448 1333 704 1387 requiritur
737 1339 784 1373 et
815 1347 995 1373 morum
1030 1333 1333 1374 conformitas
1374 1338 1422 1373 et
1452 1333 1515 1373 in-

192 1402 432 1444 stituentis
466 1403 731 1444 auctoritas.
778 1403 892 1443 Cum
926 1403 1047 1443 enim
1079 1403 1213 1443 Deus
1245 1403 1515 1444 necessario

193 1473 290 1526 agit
321 1487 506 1513 omnem
539 1473 780 1514 accionem
815 1478 1040 1525 creature,
1084 1478 1220 1526 patet
1267 1474 1396 1526 quod
1439 1473 1516 1513 im-

190 1543 423 1596 possibile
469 1549 542 1584 est
588 1545 767 1584 habere
801 1557 1083 1597 quemquam
1122 1544 1263 1583 talem
1295 1543 1516 1583 vicariam

190 1618 479 1666 potestatem
523 1613 613 1655 nisi
643 1615 777 1655 Deus
821 1614 970 1667 ipsam
1004 1614 1203 1664 dederit,
1249 1613 1370 1654 sicut
1404 1613 1517 1653 dicit

135 1704 177 1725 20
194 1683 459 1736 Apostolus
493 1683 628 1725 Rom.
651 1683 791 1734 XIII,
823 1697 934 1737 ymo
970 1697 1075 1724 cum
1107 1684 1184 1723 illa
1215 1689 1433 1737 potestas
1457 1683 1518 1724 sit

192 1758 285 1793 tam
330 1755 571 1794 excellens
619 1754 873 1795 dominium
912 1755 1284 1808 supernaturale,
1329 1754 1518 1794 videtur

194 1825 324 1877 quod
357 1829 550 1877 oportet
581 1824 735 1877 ipsum
769 1824 1070 1878 singulariter
1102 1829 1150 1863 et
1182 1829 1515 1877 supernatura-

192 1893 300 1934 liter
332 1894 432 1934 dari
464 1907 489 1933 a
510 1894 633 1934 Deo.
666 1894 800 1935 Deus
833 1899 988 1934 autem
1020 1908 1115 1934 non
1148 1895 1283 1934 daret
1313 1894 1516 1947 provide

194 1968 483 2017 potestatem
527 1964 796 2004 huiusmodi
826 1964 893 2004 illi
930 1978 1069 2017 quem
1103 1964 1247 2004 sciret
1280 1977 1387 2005 esse
1408 1978 1515 2017 pro-

139 2041 179 2074 25
196 2034 398 2074 diturum
444 2047 572 2075 suam
618 2034 878 2086 ecclesiam,
925 2034 1046 2075 sicut
1077 2048 1167 2074 nec
1203 2035 1281 2074 dat
1313 2034 1516 2087 graciam

194 2104 621 2157 predestinacionis
652 2104 719 2144 illi
741 2118 881 2157 quem
905 2105 993 2145 scit
1013 2105 1215 2144 finaliter
1241 2105 1517 2158 periturum.

251 2174 327 2214 Ex
371 2174 541 2227 quibus
578 2179 713 2227 patet
762 2175 891 2227 quod
927 2175 1126 2215 humana
1160 2174 1337 2215 eleccio
1379 2175 1519 2215 nichil

196 2245 324 2284 valet
353 2244 400 2284 in
434 2244 655 2297 eligendo
688 2245 828 2284 talem
850 2245 1163 2298 prepositum,
1196 2244 1286 2285 nisi
1307 2244 1431 2284 forte
1460 2245 1519 2285 de

198 2319 372 2366 quanto
417 2315 794 2368 promulgaverit
846 2315 1148 2355 conformiter
1199 2316 1256 2355 ad
1311 2314 1520 2356 divinum

141 2391 183 2423 30
197 2383 430 2424 iudicium.
483 2384 545 2424 Et
588 2384 677 2424 ista
717 2390 791 2425 est
823 2384 1033 2424 secunda
1066 2384 1310 2425 sentencia
1341 2398 1520 2438 suppo-

198 2453 365 2494 nenda.
419 2453 539 2493 Item
584 2467 806 2508 suppono
861 2456 990 2508 quod
1036 2455 1270 2495 electores
1329 2456 1521 2496 devient

200 2523 419 2577 eligendo
474 2537 616 2564 unum
667 2524 917 2566 inhabilem
969 2530 1171 2578 propter
1217 2523 1522 2565 affeccionem

198 2606 419 2647 persone,
464 2594 667 2647 pecunie
700 2595 779 2635 vel
824 2595 872 2635 in
915 2609 1085 2648 penam
1123 2596 1311 2649 peccati
1341 2594 1522 2648 populi,

199 2676 294 2703 non
347 2664 679 2705 concordando
733 2665 891 2705 divine
943 2665 1198 2716 sentencie,
1252 2670 1365 2705 tunc
1419 2678 1523 2705 cum

144 2738 183 2771 35
199 2732 334 2773 Deus
365 2747 461 2774 non
495 2736 730 2788 approbat
761 2723 849 2775 nec
878 2736 1123 2776 confirmat
1145 2735 1274 2788 quod
1294 2739 1522 2789 peccator

277 2892 321 2920 13.
343 2894 379 2920 ss:
400 2893 434 2926 sit
453 2895 621 2929 pertinens.

1583 936 1643 964 We
1666 942 1748 964 must

1539 972 1644 998 follow
1666 973 1751 1000 Peter
1771 972 1800 999 iu

1576 1007 1711 1042 liis‘way
1732 1008 1766 1035 of

1543 1041 1604 1075 lise,
1626 1042 1791 1070 and-‘must

1549 1077 1624 1103 have
1645 1078 1799 1113 authority

1575 1114 1655 1139 from
1679 1113 1760 1139 (iod.

1554 2183 1675 2212 l-luman
1699 2185 1804 2213 choico

1553 2219 1648 2246 avuils
1670 2221 1799 2256 nothing

1601 2256 1704 2281 unless
1727 2255 1748 2282 it

1545 2290 1680 2316 declares
1703 2290 1801 2317 God's

1638 2326 1708 2352 will.
