2078 3338
234 253 282 289 82
958 260 1181 292 JOHANNIS
1207 260 1392 291 WYCLIF
1672 246 1779 302 [CAP.
1794 256 1833 284 v.

267 374 333 401 The
354 376 471 411 utmost
521 369 684 404 contra
714 364 849 405 istam
888 363 1188 405 sentenciam.
1221 363 1350 416 Quis,
1383 363 1582 416 inquam,
1619 363 1837 403 crederet

257 407 478 482 wirffii'iiiger
519 432 690 474 talibus
721 432 994 486 prepositis,
1029 445 1227 486 quorum
1266 445 1386 473 unus
1418 431 1519 472 sine
1552 431 1835 472 fundacione

242 478 482 551 ‚giiisslirihigtiffl
520 502 652 542 alteri
684 502 986 543 contradicit?
1038 500 1257 542 Scolares
1300 501 1444 556 igitur
1486 501 1609 554 legis
1651 501 1835 555 papalis

241 549 488 620 ¹{tilpi2tsrssssaiiigr
520 572 835 612 defenderent
887 572 1171 612 decretalem
1223 571 1499 624 predictam,
1552 571 1659 624 quia
1703 570 1837 611 aliter

234 617 307 644 wnh
329 618 496 653 amhorlty'
518 654 612 681 non
645 641 918 681 crederetur
950 640 1086 681 alicui
1106 640 1315 693 ipsorum
1342 640 1510 692 textui,
1544 641 1628 681 sed
1651 653 1705 682 eo
1727 639 1833 693 ipso
1854 643 1868 676 5

519 724 611 763 quo
663 716 825 752 textus
870 724 1031 751 eorum
1065 709 1069 764 Ι
1104 710 1170 750 sic
1215 709 1383 751 asserit
1426 709 1552 750 foret
1595 709 1837 750 sentencia
1879 712 1957 746 181a

518 780 669 821 minus
703 780 939 821 credibilis
979 785 1027 821 et
1060 781 1117 820 de
1149 778 1394 820 mendacio
1439 780 1546 832 plus
1591 784 1835 833 suspecta;

518 863 607 890 nec
652 850 731 891 dat
771 849 911 890 fidem
956 850 1085 903 quod
1115 863 1241 903 papa
1272 850 1570 902 subsequens
1603 850 1837 902 approbat

516 920 609 959 hoc
640 920 718 959 vel
761 919 887 971 illud,
935 920 1043 973 quia
1087 924 1343 973 sequentes
1388 924 1497 959 sunt
1529 918 1837 958 communiter

517 988 668 1029 minus
711 989 924 1042 religiosi
968 995 1016 1029 et
1062 990 1170 1043 plus
1214 988 1381 1042 ignari;
1425 987 1535 1028 ideo
1581 988 1725 1028 debet
1770 987 1836 1028 eis
1857 1003 1894 1023 10

517 1058 668 1099 minor
698 1059 818 1099 fides
848 1058 897 1099 in
928 1059 1099 1100 talibus
1133 1058 1355 1100 adhiberi.
1393 1058 1453 1098 Et
1483 1057 1619 1099 istam
1652 1062 1835 1099 senten-

519 1127 633 1168 ciam
679 1129 822 1168 credo
866 1127 1035 1169 fratres
1081 1133 1128 1168 et
1172 1127 1441 1181 specialiter
1470 1126 1679 1168 Minores
1711 1127 1836 1167 velle

518 1198 786 1249 defendere,
820 1198 928 1252 quia
962 1198 1097 1238 aliter
1126 1197 1320 1238 indubie
1343 1197 1436 1251 ipsi
1457 1202 1690 1251 tamquam
1711 1210 1833 1237 men-

518 1268 657 1308 daces
717 1268 938 1321 ypocrite
999 1267 1321 1321 multipliciter
1387 1268 1723 1320 perturbarent
1789 1271 1837 1306 et

515 1338 824 1378 molestarent
867 1338 1124 1379 ecclesiam,
1176 1337 1310 1388 Item,
1363 1342 1585 1390 quantum
1637 1337 1694 1376 ad
1737 1340 1892 1377 sco-15

515 1406 707 1448 lasticos
750 1407 797 1447 in
840 1407 935 1447 fide
982 1406 1184 1448 ecclesie
1230 1407 1374 1447 credo
1421 1407 1547 1460 quod
1589 1405 1682 1460 ipsi
1729 1419 1835 1446 con-

516 1476 747 1519 sentirent
800 1476 952 1517 eidem
1005 1476 1274 1526 sentencie3
1327 1489 1432 1516 nam
1483 1477 1659 1516 bonum
1707 1477 1836 1530 quod

517 1545 718 1586 afferunt
768 1547 1006 1587 seculares
1051 1546 1236 1597 divicie,
1287 1559 1383 1587 non
1427 1550 1500 1586 est
1542 1546 1631 1586 nisi
1676 1546 1837 1586 mundi

515 1616 821 1669 prosperitas.
855 1615 953 1657 Sed
982 1616 1105 1656 illam
1138 1622 1232 1657 tam
1264 1615 1414 1657 sancti
1446 1616 1669 1657 doctores
1699 1629 1836 1669 quam

518 1685 764 1726 oraciones
798 1685 1000 1727 ecclesie
1034 1686 1210 1726 docent
1248 1685 1510 1739 despicere,
1548 1685 1693 1739 igitur
1732 1699 1836 1725 cum
1854 1701 1894 1721 20

516 1755 771 1809 pauperies
804 1755 939 1796 affert
980 1757 1158 1796 bonum
1192 1756 1447 1810 spirituale,
1480 1755 1670 1796 videtur
1708 1756 1837 1809 quod

518 1826 939 1878 superhabundans
955 1825 1142 1866 dotacio
1160 1825 1307 1880 magis
1329 1825 1648 1879 imperficeret
1663 1826 1836 1865 clerum

518 1893 703 1935 Christi.
757 1894 1070 1938 Confirmatur
1112 1895 1263 1949 primo
1302 1908 1391 1948 per
1421 1896 1513 1935 hoc
1557 1895 1698 1948 quod,
1733 1908 1837 1935 cum

239 1970 306 1998 The
326 1978 485 2010 emperors
515 1964 827 2018 imperatores
860 1965 953 2006 sint
982 1965 1247 2018 pontifices,
1278 1970 1331 2005 ut
1360 1970 1495 2018 patet
1527 1965 1837 2006 distinccione

229 2005 501 2068 aisfeeffirgvlvflffigiitd
517 2034 585 2074 De
646 2033 885 2087 Capitulis,
942 2034 1131 2075 videtur
1189 2035 1317 2088 quod
1374 2039 1481 2074 ante
1540 2034 1836 2075 dotacionem
1853 2038 1892 2070 25

245 2074 494 2179 S}g}{ftl{{}g¹⁵it
519 2103 722 2144 ecclesie
764 2104 858 2157 ipsi
902 2110 1033 2144 erant
1065 2104 1229 2145 summi
1261 2104 1527 2157 pontifices,
1574 2104 1681 2157 quia
1723 2109 1836 2145 tunc

227 2179 276 2206 for
295 2180 492 2207 themselves.
520 2172 737 2226 episcopi
770 2173 1148 2227 exproprietarie
1179 2173 1400 2215 viventes
1433 2179 1566 2214 erant
1598 2174 1757 2215 miseri
1789 2179 1837 2214 et

519 2241 671 2295 egeni,
718 2255 821 2282 curn
867 2248 1116 2284 caruerunt
1157 2243 1464 2297 perfeccione
1508 2257 1645 2297 quam
1694 2244 1834 2284 modo

518 2311 720 2352 ecclesia
742 2312 888 2354 habet
910 2325 971 2352 ex
992 2312 1153 2353 mundi
1175 2312 1369 2354 diviciis.
1400 2313 1531 2354 Illam
1555 2318 1708 2354 autern
1730 2327 1834 2367 per-

516 2380 780 2421 feccionem
796 2381 1069 2422 diviciarum
1091 2382 1415 2436 pertinencius
1437 2388 1550 2423 tunc
1571 2384 1836 2425 habuerunt
1853 2388 1893 2420 30

517 2463 715 2502 cesares,
745 2450 890 2504 igitur
911 2452 1225 2506 undequaque
1246 2452 1339 2506 ipsi
1362 2458 1494 2493 erant
1513 2453 1835 2506 perfecciores

516 2520 784 2572 pontifices,
831 2526 879 2561 et
923 2521 990 2563 sic
1034 2522 1200 2563 summi
1242 2522 1493 2576 dupliciter
1544 2528 1635 2563 tam
1679 2524 1835 2576 quoad

516 2590 724 2630 seculum
778 2604 914 2644 quam
966 2592 1025 2632 ad
1066 2592 1234 2633 Deum.
1284 2592 1345 2633 Et
1397 2606 1458 2633 ex
1507 2592 1601 2634 isto
1646 2593 1835 2633 videtur

516 2659 779 2701 dotacionis
842 2660 1146 2714 imperfeccio
1198 2663 1326 2715 quod
1377 2662 1663 2715 recipientes
1710 2662 1832 2702 illam

514 2727 867 2781 inperfecerant
918 2731 1135 2773 dominos
1183 2732 1262 2785 qui
1314 2732 1549 2772 dotarunt.
1602 2731 1699 2773 Sed
1751 2732 1831 2774 do·
1850 2738 1888 2769 35

586 2879 640 2910 25.
666 2880 751 2911 Dist.
777 2881 817 2920 X,
845 2890 918 2923 cap.
947 2882 1006 2915 IX:
1033 2881 1140 2924 Leges
1165 2883 1424 2924 imperatormn
1450 2883 1628 2916 custodiri
1652 2887 1798 2924 oportet.
