2078 3338
215 244 290 292 184
945 255 1170 287 JOHANNIS
1195 256 1382 288 WYCLIF
1605 246 1713 302 [CAP.
1734 255 1815 284 vm.

554 358 753 409 Decimo,
799 370 918 399 anno
957 359 1133 399 domini
1169 359 1429 401 MLXVIII
1463 361 1605 402 Rome
1646 363 1818 403 duobus

497 428 550 468 de
568 431 749 481 papatu
781 429 1141 470 contendentibus
1161 428 1420 470 Alexander
1434 443 1537 472 cum
1550 444 1685 472 suam
1701 444 1814 484 pur-

490 501 645 549 gasset
674 499 987 539 innocenciam
1026 500 1079 538 de
1106 500 1317 550 symonia
1343 501 1577 553 recipitur,
1615 500 1817 542 Cadalus

494 566 761 608 Parmensis
801 569 1036 621 episcopus
1068 570 1354 621 reprobatur,
1396 572 1516 611 unde
1553 571 1722 611 dictum
1756 574 1817 610 est

556 645 760 689 Cadalus
780 650 828 688 in
850 648 1029 689 Parma
1049 649 1221 690 Parme
1239 649 1339 701 fuit
1367 663 1505 692 arcus
1537 654 1575 691 et
1605 663 1757 692 arma.
1833 669 1848 700 5

554 715 757 758 Cadalns
788 719 1003 771 occubuit,
1035 718 1217 760 Parma
1250 720 1391 760 ruina
1410 720 1522 772 fuit.

208 792 471 864 Ῑξξζξνζῗὲἑζξξξ
556 798 813 853 Undecimo,
858 812 977 840 anno
1017 801 1195 841 domiui
1232 800 1546 842 MLXXXIII
1586 802 1816 843 Henricns

491 870 648 909 urbem
685 868 829 909 Rome
872 869 1060 922 infregit
1097 873 1136 910 et
1173 870 1434 922 Wybertum
1471 872 1518 911 in
1555 872 1658 912 sede
1701 884 1814 924 apo-

490 939 649 979 stolica
691 939 928 990 constitnit,
979 939 1326 980 Hildebrandus
1369 953 1472 980 vero
1516 940 1815 982 Beneventum

492 1008 621 1058 adiit,
654 1008 731 1048 ubi
761 1020 901 1060 usque
932 1010 995 1048 ad
1025 1009 1195 1049 obitum
1227 1021 1365 1050 suum
1398 1010 1562 1062 deguit.
1836 1039 1874 1060 10

548 1077 841 1130 Duodecimo,
885 1090 1004 1118 anno
1047 1079 1224 1119 domini
1260 1079 1593 1120 MLXXXVII
1627 1079 1814 1120 Deside-

490 1147 603 1200 rius,
647 1148 724 1199 qui
766 1150 805 1187 et
865 1147 1022 1198 Victor,
1060 1160 1191 1201 papa
1235 1152 1393 1189 contra
1440 1147 1709 1190 Clementem
1755 1153 1817 1189 est

489 1215 661 1267 factus.

547 1285 734 1326 Decimo
767 1286 917 1338 tercio,
950 1298 1069 1327 anno
1098 1286 1276 1327 domini
1302 1285 1472 1329 MXCI
1485 1286 1645 1339 fertur
1663 1287 1816 1339 fuisse

489 1356 615 1408 duos,
660 1356 737 1407 qui
779 1356 1042 1396 dicebantur
1078 1356 1279 1397 Romani
1315 1357 1554 1410 pontifices
1591 1370 1621 1397 a
1657 1370 1703 1398 se
1740 1358 1871 1397 in-15

489 1426 631 1466 vicem
673 1425 985 1466 discordantes
1027 1429 1066 1466 et
1109 1426 1342 1467 ecclesiam
1374 1426 1461 1467 Dei
1503 1427 1620 1467 inter
1656 1440 1703 1468 se
1740 1427 1813 1467 di-

489 1494 638 1535 visam
689 1495 925 1547 trahentes,
983 1494 1193 1536 Urbanus
1242 1495 1420 1548 scilicet,
1478 1496 1556 1547 qui
1600 1496 1813 1548 primum

494 1562 659 1614 fuerat
680 1564 916 1617 episcopus
942 1562 1172 1615 Ostiensis,
1195 1567 1234 1605 et
1259 1563 1466 1606 Clemens
1486 1565 1564 1617 qui
1587 1563 1816 1617 Wyhertus

490 1633 856 1686 archiepiscopus
874 1633 1161 1675 Ravenensis.
1186 1633 1279 1686 Que
1298 1646 1373 1674 res
1385 1647 1474 1687 per
1490 1635 1649 1687 plures
1671 1646 1816 1675 annos

489 1703 720 1743 ecclesiam
742 1701 906 1755 Anglie
933 1703 980 1743 in
1012 1706 1190 1744 tantum
1222 1704 1468 1756 occupavit,
1500 1704 1618 1756 quod
1650 1717 1700 1744 ex
1729 1716 1814 1755 quo
1832 1725 1873 1745 20

494 1770 756 1826 Gregorius,
779 1773 857 1825 qui
878 1776 917 1813 et
929 1772 1289 1826 Hildehrandus,
1313 1773 1551 1826 defunctus
1552 1773 1667 1826 fuit,
1698 1774 1814 1813 nulli

488 1842 582 1882 loco
620 1855 744 1895 pape
785 1854 922 1894 usque
959 1842 1021 1883 ad
1056 1843 1136 1883 hoc
1172 1846 1350 1896 tempus
1385 1844 1520 1884 subdi
1555 1846 1594 1884 et
1636 1843 1814 1884 obedire

489 1912 690 1953 voluerit.

546 1981 734 2022 Decimo
756 1985 932 2035 quarto,
955 1994 1074 2023 anno
1097 1983 1275 2023 domiui
1294 1982 1350 2023 M
1352 1981 1535 2024 CXXX
1549 1982 1810 2023 Iunocencio

484 2064 614 2106 papa
650 2055 829 2105 regente
867 2053 1074 2093 intrusus
1112 2059 1176 2093 est
1205 2052 1368 2093 Petrus
1397 2052 1562 2093 Leonis
1599 2055 1639 2093 et
1670 2052 1813 2092 dictus
1829 2063 1868 2095 25

490 2124 552 2162 est
581 2120 837 2172 Anacletus,
874 2122 951 2173 qui
985 2130 1141 2174 regem
1178 2121 1411 2174 Rogerum
1451 2120 1612 2173 Sycilie
1656 2133 1810 2162 couse-

488 2192 645 2245 cravit,
676 2192 755 2232 sed
775 2191 1070 2233 Innocencius
1084 2204 1215 2245 papa
1240 2192 1453 2232 transivit
1480 2192 1527 2231 in
1549 2191 1812 2241 Franciam,

489 2262 608 2301 unde
638 2261 826 2303 dicitur:

545 2341 743 2383 Romam
775 2342 937 2383 Petrus
966 2343 1103 2394 nabet,
1135 2345 1277 2383 totum
1313 2339 1564 2394 Gregorius
1595 2341 1758 2382 orbem.

546 2423 732 2463 Decimo
764 2424 931 2477 quinto,
964 2436 1083 2464 anno
1116 2423 1293 2464 domini
1319 2421 1528 2464 MCLIX
1553 2422 1672 2462 rexit
1700 2421 1809 2462 Ale-
1827 2437 1868 2468 30

488 2494 668 2533 xander
696 2505 840 2546 papa,
877 2497 1037 2533 contra
1066 2505 1197 2545 quem
1235 2491 1511 2533 Octavianus
1547 2492 1809 2541 intruditur,

488 2562 567 2603 sed
596 2563 644 2601 in
675 2563 887 2603 scismate
918 2563 1129 2613 moritur,
1168 2565 1206 2602 et
1237 2562 1303 2602 sic
1337 2559 1484 2602 Gnido
1522 2558 1806 2615 Cremensisl

488 2631 568 2672 sed
596 2630 826 2672 „Iohannes
856 2631 1063 2672 intrusus
1092 2632 1424 2672 reconciliatur.
1856 2636 1944 2676 207⁰

561 2774 603 2803 19-
627 2766 722 2795 Cod.:
739 2767 912 2803 populares
931 2775 1042 2795 annos.

564 2848 590 2871 1.
617 2836 755 2869 Radulfi
782 2838 824 2869 de
851 2838 970 2870 Diceto
1000 2848 1033 2880 p.
1063 2847 1139 2870 200.
1236 2848 1267 2879 7.
1294 2837 1378 2870 Ibid.
1410 2847 1443 2879 p.
1472 2846 1546 2870 211.
1648 2846 1697 2870 11.
1723 2837 1808 2869 Ibid.

489 2907 520 2938 p.
550 2895 626 2927 216.
725 2906 778 2937 24.
806 2896 891 2927 Ibid.
920 2907 951 2937 p.
981 2895 1057 2937 246.
1148 2896 1201 2928 30.
1228 2896 1313 2927 Ibid.
1340 2906 1372 2937 p.
1402 2896 1477 2929 303.
1506 2896 1609 2939 Huss,
1639 2893 1731 2929 230¹).
