2078 3338
205 289 288 316 200
936 290 1160 322 JOHANNIS
1187 290 1371 321 WYCLIF
1633 279 1738 330 [CAP.
1759 288 1810 315 IX.

492 391 657 445 inquit,
710 393 966 446 episcopum
1017 394 1114 434 sine
1165 394 1358 434 crimine
1408 406 1512 443 esse,
1563 394 1676 434 sient
1727 394 1812 435 Dei

492 463 865 514 dispensatorem.
916 463 1042 503 Ecce
1089 463 1218 515 quod
1263 462 1464 503 eundem
1503 476 1643 515 quem
1681 463 1811 516 prius

492 537 631 572 vocat
651 531 980 585 presbiterum7
1001 532 1049 572 id
1072 537 1146 572 est
1167 531 1413 581 seniorem,
1436 537 1577 572 vocat
1600 533 1810 572 secundo

494 600 786 654 episcopum,
818 601 867 641 id
899 607 974 642 est
1005 601 1485 654 superintendentem.

214 675 468 746 Evgfflgffugom
551 670 683 720 Item,
717 671 822 714 Act.
844 671 960 719 XX,
987 674 1156 724 27—28
1184 671 1371 724 legitur,
1397 672 1526 724 quod
1546 672 1845 725 Apostolus5

491 753 669 780 vocans
702 741 759 780 ad
791 753 841 780 se
873 740 1074 781 maiores
1106 746 1217 781 natu
1251 740 1453 780 ecclesie
1485 740 1811 793 Ephesiorum,

494 809 606 850 dicit
629 809 716 850 eis:
739 809 840 850 Non
861 809 1116 862 subterfugi
1141 811 1385 862 quominus
1411 811 1680 851 nunciarem
1709 824 1812 851 con-

491 880 648 920 silinm
682 879 769 920 Dei
799 881 932 921 vobis.
965 879 1189 920 Attendite
1220 881 1343 920 vobis
1375 883 1414 920 et
1440 881 1650 921 nniverso
1667 882 1814 933 gregi,

493 950 541 989 in
572 961 656 1001 qno
680 947 882 1002 Spiritus
904 949 1098 990 Sanctus
1123 950 1279 1002 posnit
1310 963 1387 990 vos
1408 950 1638 1003 episcopos
1659 959 1814 1003 regere

493 1019 726 1059 ecclesiam
759 1018 858 1072 Dei,
889 1031 1028 1071 qnam
1061 1019 1275 1071 aquisivit
1304 1020 1529 1072 sangnine
1560 1032 1653 1060 sno.
1687 1019 1813 1059 Ecce
1836 1034 1872 1054 10

493 1088 621 1141 quod
666 1100 829 1128 omnes
873 1087 1073 1128 maiores
1117 1093 1227 1128 natu
1271 1087 1319 1128 id
1364 1094 1437 1128 est
1480 1088 1692 1129 seniores
1736 1090 1813 1129 vel

492 1157 787 1211 presbiteros
820 1163 962 1198 vocat
995 1157 1264 1211 episcopos.

551 1227 684 1280 Item,
731 1227 883 1267 eidem
918 1232 1149 1268 consonat
1193 1227 1369 1267 dictum
1402 1227 1629 1281 Apostoli
1666 1227 1815 1281 prima

493 1297 658 1351 Thym.
681 1296 765 1349 III,
796 1312 833 1337 1:
859 1296 910 1338 Si
930 1298 1032 1350 quis
1054 1298 1362 1350 episcopatum
1386 1298 1628 1346 desiderat,
1651 1299 1812 1338 bonum

493 1380 607 1420 opus
627 1368 865 1418 desiderat,
898 1367 1032 1420 quasi
1055 1366 1233 1407 diceret
1256 1367 1561 1420 episcopatus
1583 1380 1679 1407 non
1703 1367 1815 1408 dicit
1834 1372 1870 1403 15

495 1450 640 1490 supra
681 1436 1049 1490 presbiteratum
1080 1436 1169 1477 nisi
1198 1450 1320 1490 opus
1353 1437 1814 1490 superintendencie,

495 1506 620 1546 unde
652 1505 697 1545 V
730 1519 830 1559 cap.
865 1506 1111 1559 specificat
1144 1506 1324 1547 dicens:
1371 1506 1459 1559 Qui
1496 1508 1600 1547 bene
1627 1510 1817 1560 presunt

488 1576 742 1629 presbiteri,
775 1577 946 1628 duplici
966 1577 1134 1616 honore
1164 1577 1294 1629 digni
1319 1577 1583 1630 habeantur,
1617 1578 1817 1618 inarime

494 1658 577 1699 quo
609 1647 821 1687 laborant
851 1647 899 1686 in
923 1647 1053 1687 verbo
1084 1649 1122 1686 et
1144 1644 1352 1687 doctrina
1373 1647 1469 1688 Dei.
1501 1647 1562 1687 Et
1584 1646 1815 1700 sequitur:

494 1715 727 1757 Adversus
757 1716 1065 1768 presbiterum
1106 1717 1446 1757 accusa-cionem
1483 1717 1578 1757 noli
1619 1717 1875 1770 reciperem

494 1786 586 1826 nisi
605 1787 686 1826 snb
706 1786 880 1826 dnobus
900 1786 967 1826 vel
988 1786 1132 1826 tribus
1152 1787 1344 1827 testibus.
1377 1785 1680 1826 Presbiteros
1705 1786 1817 1827 dicit

496 1855 769 1909 episcopos,
816 1855 923 1908 quia
966 1854 1101 1896 aliter
1143 1869 1237 1895 non
1283 1855 1464 1896 diceret
1505 1855 1575 1895 IV
1615 1869 1712 1909 cap.
1756 1870 1816 1907 14,

497 1926 625 1979 quod
634 1926 802 1978 gracia
823 1927 934 1966 data
957 1929 1017 1966 est
1037 1926 1123 1966 sibi
1144 1938 1248 1966 enin
1270 1927 1563 1978 inzposicione
1589 1938 1815 1966 niannmn

494 1997 747 2049 presbiteri.
782 1995 898 2036 Cum
920 1995 1063 2050 igitur
1086 1997 1142 2035 ad
1166 1997 1295 2036 solos
1320 1995 1576 2049 episcopos
1608 1996 1818 2049 pertinet

496 2078 658 2106 manus
695 2065 954 2118 imponere,
986 2070 1038 2105 ut
1067 2070 1202 2118 patet
1231 2066 1339 2107 Act.
1361 2064 1494 2117 VIII,
1523 2070 1658 2118 patet
1689 2066 1817 2119 quod
1834 2069 1873 2102 25

497 2135 765 2189 Apostolus
799 2134 1022 2187 exprimit
1051 2125 1376 2175 indifferenter
1419 2135 1694 2175 sacerdotes
1736 2149 1815 2175 no-

496 2204 621 2246 mine
666 2204 883 2258 episcopi
915 2210 962 2244 et
993 2204 1181 2244 nomine
1217 2204 1494 2257 presbiteri;
1539 2210 1650 2245 tunc
1696 2204 1817 2245 enim

498 2289 592 2317 non
637 2280 734 2315 erat
797 2274 1012 2314 coactiva
1053 2274 1322 2315 iurisdiccio
1374 2276 1452 2315 vel
1490 2275 1817 2328 temporalium

501 2344 689 2386 dotacio
724 2357 814 2397 que
847 2343 1028 2384 faceret
1061 2343 1394 2385 diversitatem.

213 2410 480 2474 T‘J}{53‘{P[{13212}s
558 2414 691 2467 Item,
723 2414 874 2467 prima
894 2413 1060 2467 Thym.
1088 2413 1172 2464 III,
1197 2427 1217 2453 2
1244 2413 1410 2456 scribit
1441 2413 1531 2454 sibi
1551 2414 1818 2467 Apostolus
1835 2420 1876 2452 30

273 2481 416 2509 de³⁰0¹¹⁵-
499 2485 660 2538 quales
723 2484 1029 2525 condiciones
1091 2484 1237 2524 debet
1295 2485 1472 2524 habere
1540 2484 1817 2537 episcopus:

503 2552 698 2606 Oportet,
734 2552 899 2606 inquit,
936 2554 1196 2606 episcopum
1235 2566 1328 2594 esse
1364 2554 1818 2606 irreprehensibilem,

497 2624 634 2664 nnins
663 2624 820 2664 uxoris
842 2624 1006 2664 virum,
1038 2622 1100 2663 Et
1119 2622 1386 2663 immediate
1410 2622 1669 2676 subiungit:
1703 2623 1817 2673 dya—

498 2704 631 2733 conos
674 2696 826 2733 antem
865 2694 1072 2745 pudicos,
1117 2705 1205 2732 non
1250 2693 1484 2746 bilingues,
1514 2691 1518 2747 Ι
1545 2704 1633 2732 non
1678 2693 1818 2733 nznlto
1860 2700 1942 2728 211⁵*

578 2836 626 2862 24.
650 2828 768 2856 Codd.:
789 2828 832 2856 ad
852 2829 946 2861 deest,
1021 2827 1069 2857 28.
1093 2828 1129 2857 B:
1152 2832 1251 2855 erant.

579 2921 629 2953 17.
658 2913 680 2944 Ι.
707 2911 800 2945 Tim.
820 2913 860 2951 V,
887 2923 935 2954 ¹7·
1033 2921 1085 2945 20.
1113 2914 1154 2956 V,
1177 2921 1227 2955 19.
1327 2922 1378 2943 22.
1408 2913 1428 2944 1.
1449 2912 1539 2943 Tim.
1567 2911 1621 2954 ΠΙ,
1650 2911 1748 2953 7-8.
