2078 3338
300 275 380 313 350
1028 274 1252 308 JOHANNJs
1279 276 1464 308 WYCLIF
1706 264 1812 321 [CAP.
1837 273 1903 302 XII.

583 377 686 417 buit
709 377 776 417 sic
797 379 924 418 bona
944 391 1205 431 pauperum
1226 385 1422 420 vocatus
1447 385 1519 420 est
1538 386 1673 434 pater
1687 381 1898 422 beatissi-

584 460 699 497 mus,
730 447 1035 500 inpeccabilis
1069 453 1117 488 et
1146 450 1278 489 Deus
1310 449 1356 489 in
1387 449 1534 502 terris,
1570 450 1698 503 quod
1730 450 1769 490 si
1802 451 1899 491 sitit

584 516 900 569 triplicitatem
951 517 1086 557 istam
1137 532 1223 571 per
1264 519 1354 559 hoc
1403 518 1618 571 medium,
1669 525 1781 560 tunc
1825 525 1898 560 est

583 586 862 639 principium
907 588 1118 639 symonie
1149 588 1273 641 patri
1304 588 1548 642 mendacii,
1595 595 1641 629 et
1677 589 1723 629 in
1757 589 1896 630 terris

583 655 863 696 fortissimus
913 657 1252 704 Antichristus;
1313 664 1360 699 et
1412 658 1741 699 subtraccione
1792 659 1926 699 tali55

583 725 726 765 officii
746 725 925 766 rediret
948 727 1147 767 ecclesia
1169 728 1226 767 ad
1251 733 1422 768 statum
1452 727 1725 781 primevum,
1757 742 1895 781 quem

584 794 796 835 Christus
839 795 1052 839 instituit.
1105 796 1203 838 Sed
1248 797 1475 838 donemus
1519 798 1608 837 sibi
1652 798 1787 838 istam
1830 797 1893 837 in-

291 861 497 923 A¹¹bgffisg¹¹12
511 868 560 887 ase
581 863 753 904 iuriam.
806 863 1027 907 Secundo
1081 867 1292 921 sequitur
1336 868 1464 921 quod
1516 867 1666 908 omnis
1716 868 1896 907 elector

326 933 525 1001 affisfssissstlatJssf
582 933 835 986 spiritualis
886 936 1119 989 prepositi
1170 938 1254 976 sed
1304 950 1427 990 papa
1476 936 1705 989 precipue
1750 936 1895 976 debet

579 1002 763 1055 positus
806 1004 854 1044 in
898 1005 1163 1058 adopcione
1206 1006 1456 1046 multorum
1505 1005 1628 1045 omni
1671 1007 1951 1047 obstantem

579 1072 850 1126 postposito
875 1073 1026 1127 ipsum
1051 1074 1239 1129 eligere,
1264 1088 1403 1128 quem
1427 1080 1619 1128 reputat
1639 1074 1892 1125 meliorem,

576 1143 668 1182 hoc
714 1148 787 1183 est
830 1144 935 1196 plus
975 1145 1032 1184 ad
1069 1145 1295 1185 honorem
1327 1144 1421 1184 Dei
1462 1149 1509 1185 et
1539 1143 1785 1185 utilitatem
1820 1157 1891 1184 ec-

578 1212 739 1263 01051ος
771 1212 862 1253 hoc
896 1213 1017 1254 enim
1049 1214 1175 1255 foret
1208 1214 1297 1254 sibi
1328 1214 1500 1265 utilius,
1541 1214 1648 1267 quia
1678 1213 1893 1254 fidelitati

577 1280 648 1320 sui
679 1281 934 1335 ministerii,
989 1289 1035 1324 et
1063 1297 1152 1336 per
1194 1296 1491 1336 consequens
1519 1282 1892 1323 remuneracioni

574 1350 667 1390 Dei
698 1352 803 1404 plus
838 1365 1105 1405 congruum.
1149 1353 1211 1393 Et
1240 1358 1374 1406 patet
1406 1353 1534 1406 quod
1580 1352 1658 1406 qui
1689 1358 1946 1406 propter15

574 1420 831 1473 pecuniam,
863 1427 1061 1475 propter
1093 1423 1366 1476 sanguinem
1389 1423 1467 1463 vel
1497 1422 1707 1462 favorem
1741 1421 1891 1462 seculi

573 1491 797 1543 preponit
838 1491 962 1532 illum
1012 1505 1151 1545 quem
1196 1492 1346 1532 credit
1389 1492 1466 1532 vel
1510 1493 1657 1532 debet
1695 1493 1889 1532 credere

572 1559 723 1600 minus
756 1560 978 1601 idoneum
1009 1567 1178 1614 peccat
1199 1560 1470 1615 mortaliter,
1505 1561 1611 1615 quia
1638 1561 1890 1602 infideliter

570 1628 618 1668 in
651 1643 806 1670 amore
828 1631 1152 1684 preponderat
1178 1631 1436 1684 temporale
1458 1631 1756 1671 vanissimum
1779 1631 1886 1671 Deo

572 1712 669 1751 su0‚
702 1700 809 1753 quia
838 1700 965 1753 illud,
999 1702 1060 1741 ob
1086 1701 1216 1741 cuius
1249 1714 1453 1741 amorem
1485 1700 1596 1741 facit
1629 1702 1756 1755 quod
1778 1702 1885 1741 Deo
1904 1721 1945 1742 20

571 1768 790 1822 displicet
801 1786 810 1822 ;
848 1772 974 1824 quod
1008 1784 1105 1811 non
1134 1771 1316 1812 faceret
1346 1776 1545 1825 propter
1577 1770 1730 1812 omnia
1759 1773 1886 1812 bona

570 1839 741 1881 mundi.

322 1918 381 1945 and
403 1922 455 1945 not
474 1923 504 1945 to
627 1909 689 1949 Et
731 1910 878 1951 tercio
924 1910 1136 1964 sequitur
1179 1924 1241 1951 ex
1286 1910 1423 1951 dictis
1463 1911 1591 1964 quod
1627 1924 1753 1964 papa
1788 1924 1883 1951 non

280 1957 555 2016 inffissffioffec‘ffse
571 1979 716 2018 debet
758 1986 957 2033 propter
996 1981 1280 2033 peticionem
1324 1986 1401 2020 aut
1442 1980 1715 2020 instanciam
1754 1993 1882 2020 secu-

307 2023 528 2085 faiffisssslffigim.
568 2048 729 2088 larium
762 2049 1054 2090 dominorum
1090 2051 1322 2103 preficere
1362 2049 1580 2090 clericum
1611 2050 1690 2090 vel
1729 2063 1882 2090 carum
1900 2059 1940 2091 25

568 2117 696 2171 regis
740 2118 787 2158 in
831 2119 1108 2173 episcopum
1140 2121 1216 2160 vel
1248 2120 1475 2173 prelatum
1515 2119 1728 2171 ecclesie,
1775 2120 1882 2159 dum

565 2193 758 2241 reputat
787 2189 865 2229 vel
895 2195 1116 2243 reputare
1151 2190 1326 2230 debeat
1358 2189 1493 2230 aliurn
1525 2189 1673 2243 magis
1708 2194 1880 2242 aptum,

567 2270 671 2297 nam
705 2258 848 2299 cicius
882 2260 1127 2300 desereret
1158 2273 1341 2300 omnem
1373 2260 1584 2300 favorem
1615 2259 1879 2313 principum

566 2327 725 2379 seculi,
779 2341 964 2369 omnem
1010 2329 1307 2370 dotacionem
1356 2328 1557 2369 ecclesie
1605 2334 1652 2369 et
1696 2341 1879 2369 omnem

565 2396 775 2449 gloriam,
808 2411 945 2451 quam
979 2398 1080 2452 ipse
1110 2397 1113 2454 Ι
1145 2400 1221 2439 vel
1253 2398 1420 2439 fratres
1445 2398 1516 2439 sui
1537 2398 1584 2438 in
1611 2411 1695 2438 suo
1720 2397 1877 2438 officio
1919 2404 1999 2444 248b

564 2466 738 2506 habent
771 2468 828 2507 de
863 2469 1036 2511 seculo,

621 2537 699 2577 Ad
713 2538 1025 2591 reputandum
1041 2543 1194 2578 autem
1208 2539 1347 2579 talem
1364 2538 1673 2591 aptitudinem
1684 2541 1877 2591 oportet

563 2607 701 2646 fidem
748 2607 979 2660 scripture
1014 2608 1072 2647 de
1104 2608 1316 2649 bonitate
1349 2608 1555 2662 pastoris
1580 2619 1875 2660 cognoscere

564 2681 611 2716 et
644 2690 737 2716 non
771 2677 924 2717 cecari
944 2677 991 2717 in
1021 2678 1113 2718 isto
1146 2677 1420 2731 porizmate:
1459 2678 1572 2717 Plus
1594 2676 1722 2729 lucri,
1767 2676 1874 2729 plus

562 2745 739 2787 favoris
761 2747 839 2787 vel
867 2746 1019 2787 laudis
1050 2748 1248 2788 humane
1289 2752 1580 2801 reportarem
1624 2759 1716 2801 ego
1771 2758 1871 2786 cum
1892 2752 1931 2784 35

631 2917 658 2945 8.
681 2917 780 2945 Codd.
802 2917 832 2944 in
854 2925 941 2951 marg
962 2927 968 2945 ε
988 2917 1078 2954 Eltgi
1095 2919 1197 2954 qualis
1217 2919 1303 2946 debet
1320 2924 1339 2944 a
1358 2925 1441 2952 papa
1462 2925 1491 2943 m
1512 2917 1674 2951 prelatum,
