2078 3338
185 265 273 293 cm).
294 254 333 310 1.]
575 266 635 297 DE
662 264 941 297 POTESTATE
973 265 1102 295 PAPE.

183 371 399 411 ordinare
431 370 634 410 medium
666 368 967 422 multiplicius
1005 381 1092 421 pro
1131 368 1224 407 fine
1264 368 1343 421 qui
1376 381 1496 421 eque

181 441 398 494 perfecte
428 439 566 479 fieret
596 452 683 491 per
713 437 917 477 medium
948 436 1156 483 brevius,
1204 451 1307 478 cum
1347 438 1496 478 omnis

182 509 287 550 talis
320 507 558 549 ordinacio
591 507 717 547 foret
747 507 938 554 frustra;
974 507 1058 546 sed
1091 507 1241 546 omnis
1271 507 1376 548 finis
1408 522 1495 561 pro

184 592 276 632 quo
323 577 620 618 ordinaretur
662 582 874 629 potestas
924 582 1018 616 tam
1074 576 1322 630 multiplex
1376 590 1497 630 eque

150 648 396 702 §perfecte
449 647 488 688 si
538 660 633 686 non
683 645 950 699 perfeccius
993 646 1132 686 fieret
1179 660 1266 699 per
1316 647 1498 687 unicam

182 716 442 771 simplicem
473 721 774 769 potestatem,
808 728 900 768 que
924 720 998 755 est
1018 715 1217 755 liberum
1246 716 1498 767 arbitrium,

182 788 313 828 sicud
335 800 423 840 per
446 785 683 839 quotlibet
704 791 972 839 potestates
990 785 1331 838 superadditas,
1354 785 1499 839 igitur

66 855 143 897 164''
182 855 428 910 superfluit
456 853 460 911 Ι
488 868 669 908 ponere
702 860 798 894 tam
829 855 1009 894 multas.
1070 854 1227 894 Minor
1269 857 1500 909 probatur

182 940 244 966 ex
273 927 379 978 hoc,
414 925 541 978 quod
574 925 724 965 omnis
755 930 972 978 potestas
1006 930 1161 965 creata
1191 931 1265 966 est
1295 933 1499 980 propter

128 1018 166 1039 10
181 1009 302 1050 opus
344 994 664 1049 perfeccionis
708 994 917 1035 universi
955 995 1213 1035 secundum
1252 996 1498 1036 ecclesiam

180 1066 259 1106 vel
302 1064 434 1104 aliam
479 1063 578 1104 eius
622 1068 816 1116 partem,
863 1063 948 1103 sed
990 1062 1038 1103 in
1083 1077 1219 1104 omne
1252 1067 1344 1106 tale
1378 1079 1498 1119 opus

181 1135 355 1176 sufficit
385 1134 584 1174 liberum
616 1133 855 1174 arbitrium
888 1133 989 1174 sine
1024 1140 1264 1188 potestate
1289 1136 1497 1176 acciden-

180 1204 274 1257 tali,
318 1217 423 1244 nam
465 1203 512 1243 in
557 1209 679 1244 statu
721 1203 999 1244 innocencie
1042 1204 1167 1245 foret
1212 1206 1362 1245 solum
1394 1205 1498 1246 talis

179 1280 410 1328 potestas,
457 1273 580 1314 sicut
622 1278 734 1326 post
779 1278 951 1313 statum
993 1273 1272 1314 innocencie
1314 1275 1382 1314 illi
1419 1275 1500 1329 qui

125 1344 402 1387 15vixerunt
442 1342 713 1396 religiosius
759 1348 1010 1384 caruerunt
1053 1343 1321 1384 huiusmodi
1364 1351 1498 1398 pote-

181 1419 314 1467 state,
365 1413 479 1467 quid
528 1413 712 1466 (queso)
763 1412 937 1453 sufficit
981 1414 1119 1454 homo
1165 1414 1384 1455 ordinare
1420 1416 1498 1455 vel

180 1483 349 1530 facere,
385 1483 514 1536 quod
544 1496 641 1522 non
673 1482 846 1523 sufficit
874 1496 936 1523 ex
957 1497 1077 1536 puro
1100 1483 1251 1524 libero
1276 1484 1496 1525 arbitrio?

179 1553 382 1594 Videtur
415 1552 537 1592 enim
567 1553 695 1605 quod
725 1552 915 1605 palliata
945 1558 1163 1606 potestas
1197 1554 1500 1607 superaddita

180 1622 348 1677 pocius
379 1623 628 1676 perturbat
660 1621 922 1663 ecclesiam.

1733 269 1779 305 13

124 1711 167 1733 20
238 1692 372 1745 Item,
417 1693 580 1731 eadem
618 1697 835 1744 potestas
866 1691 913 1732 in
945 1706 1140 1733 numero
1179 1699 1343 1746 potest
1373 1708 1498 1735 nunc
1514 1715 1622 1741 power
1640 1716 1689 1742 the
1705 1723 1789 1743 same

179 1762 327 1803 laxari
378 1767 424 1802 et
468 1774 562 1801 nun
605 1760 840 1814 restringi,
884 1767 936 1801 ut
979 1767 1112 1815 patet
1157 1764 1216 1802 de
1255 1769 1496 1816 potestate

182 1831 357 1872 ordinis
389 1830 492 1884 pari
520 1830 569 1870 in
602 1830 815 1884 quolibet
848 1832 1111 1884 sacerdote,
1154 1832 1267 1873 licet
1309 1833 1356 1873 in
1393 1848 1496 1887 pre-

179 1902 284 1942 latis
318 1900 549 1954 suscipiat
578 1900 625 1940 in
656 1900 897 1941 laxacione
926 1907 973 1941 et
994 1902 1299 1942 restriccione
1322 1906 1506 1957 gradus

180 1971 483 2024 multiplice53
525 1970 669 2023 igitur
713 1984 800 2023 per
842 1970 968 2011 idem
1015 1972 1237 2012 naturalis
1283 1980 1498 2026 potestas

126 2046 342 2095 25potest
384 2053 508 2080 nunc
551 2039 698 2079 laxari
742 2045 789 2080 et
832 2053 957 2080 nunc
1000 2041 1224 2097 restringi
1276 2049 1499 2096 quantum

182 2116 373 2164 oportet
403 2122 491 2163 pro
524 2109 753 2163 regimine
787 2109 1003 2163 ecclesie,
1033 2110 1178 2164 igitur
1211 2125 1314 2151 cum
1345 2112 1393 2152 in
1421 2113 1501 2154 tali

179 2179 424 2220 laxacione
469 2192 566 2219 non
610 2179 864 2232 acquiritur
894 2193 1018 2220 nova
1050 2186 1283 2234 potestas,
1327 2196 1416 2223 nec
1452 2183 1499 2223 in

180 2248 486 2290 restriccione
504 2247 793 2301 deperditur,
811 2249 1025 2302 sequitur
1039 2251 1169 2303 quod
1189 2264 1285 2291 non
1308 2257 1501 2304 oportet

182 2318 502 2371 superaddere
535 2330 706 2357 novam
735 2317 1002 2360 huiusmodi
1032 2325 1332 2373 potestatem,

127 2398 167 2429 30
239 2387 395 2428 Minor
414 2393 558 2441 patet,
590 2393 689 2428 tum
712 2388 821 2441 quia
847 2395 1060 2442 potestas
1082 2404 1178 2431 non
1201 2391 1500 2444 componitur

183 2471 244 2498 ex
275 2457 370 2497 suis
402 2457 615 2511 partibus
647 2457 908 2513 intensivis,
933 2465 1031 2500 tum
1055 2460 1201 2500 eciam
1234 2460 1342 2514 quia
1365 2460 1499 2501 aliter

180 2541 276 2568 non
307 2527 431 2568 foret
463 2527 627 2567 eadem
658 2534 874 2581 potestas
896 2529 1114 2570 restricta
1134 2531 1213 2570 vel
1237 2531 1393 2570 laxata
1414 2531 1500 2571 sed

183 2597 372 2637 omnino
404 2597 483 2637 vel
516 2597 705 2650 antiqua
735 2598 921 2651 perdita
957 2600 1037 2639 vel
1075 2613 1198 2640 nova
1229 2600 1400 2653 genita.
1438 2600 1497 2640 Et

179 2667 295 2706 illud
347 2666 622 2707 evidencius
672 2673 835 2708 movet
885 2669 1011 2721 quod
1060 2682 1157 2709 non
1209 2676 1403 2723 oportet
1452 2670 1499 2711 in

182 2736 432 2777 sacerdote
462 2750 645 2789 ponere
679 2737 1038 2779 distinccionem
1076 2739 1344 2792 specificam
1376 2740 1500 2781 inter

253 2857 296 2876 10.
326 2850 480 2883 universi,·
499 2851 537 2877 B:
566 2859 669 2878 verum
688 2860 730 2879 se.
806 2860 854 2879 20.
883 2852 922 2879 ss:
954 2853 1057 2880 eadem
1088 2852 1189 2886 deest;
1220 2854 1241 2880 Β
1268 2853 1297 2880 in
1326 2862 1439 2889 marg:
1470 2861 1497 2881 2.

184 2895 232 2921 28.
255 2897 293 2922 ks:
315 2904 351 2923 ne
370 2896 560 2931 deperditur.

1513 1749 1542 1776 in
1565 1749 1638 1777 kind
1661 1758 1731 1786 may
1754 1751 1789 1778 bc

1548 1784 1692 1820 enlarged
1713 1793 1749 1813 01·

1565 1820 1737 1848 restricted.
