2078 3338
787 268 1004 301 GENERAL
1031 268 1181 301 INDEX.

115 380 316 408 Dotacionem
339 381 520 416 recipientes
536 381 632 408 sancti
653 382 814 416 quomodo
836 390 945 417 pecca-

185 421 294 443 verunt
317 424 387 450 240,
410 424 475 450 241,
499 423 568 450 242.

112 451 315 479 Dotacionem
331 455 359 478 et
381 452 436 477 loci
452 451 745 486 appropi-iacionem
762 459 855 487 quare
873 459 946 486 apo-

184 485 253 513 stoli
274 486 417 520 fugerunt
438 485 502 521 173.

113 520 321 555 Imperatores
333 525 402 547 ante
415 520 612 548 dotacionem
625 525 710 548 erant
723 522 882 555 pontifices
895 520 944 548 82.

113 555 314 582 Dotacionem
345 555 498 589 recipiens
528 560 555 582 et
588 556 751 583 conferens
782 556 945 591 imperficit

150 590 311 617 ecclesiam
333 588 382 617 82.

114 624 218 651 Sancti
241 625 264 651 si
286 624 483 652 dotacionem
505 625 719 660 approbarunt
740 624 788 653 88.

113 658 192 686 Mala
213 667 249 686 ex
269 659 432 686 dotacione
453 660 616 694 sequencia
636 667 686 695 94,
708 659 758 695 95.

504 768 552 799 Ε.

113 844 250 873 Ecclesia
280 852 422 873 crescens
451 846 481 873 in
513 846 765 881 possessionibus
795 845 944 873 decrescit

181 881 212 907 in
232 880 398 908 virtutibus
422 879 486 916 198.

113 914 249 942 Perfecte
279 915 360 942 stetit
388 916 517 942 ecclesia
545 923 614 942 cum
645 915 773 942 seculari
803 915 944 942 dominio

182 950 325 977 trecentis
337 950 426 977 annis
438 950 731 985 postascensionem
740 950 866 977 Domini
877 949 943 985 317.

112 983 249 1011 Ecclesia
277 984 416 1012 Romana
444 993 461 1011 a
489 989 628 1020 tempore
661 985 836 1012 dotacionis
865 986 945 1012 facta

182 1023 228 1046 est
246 1019 400 1046 instabilis
422 1018 486 1055 198.

111 1054 221 1082 Rector
243 1054 369 1081 ecclesie
389 1059 429 1081 an‘
447 1054 538 1081 debet
558 1062 624 1081 esse
646 1054 757 1082 unicus
778 1054 848 1083 265.

111 1090 156 1117 De
176 1088 357 1116 habitudine
377 1089 525 1116 moderne
545 1089 673 1116 ecclesie
698 1090 735 1117 ad
760 1090 896 1124 priorem
920 1097 943 1116 1.

111 1125 156 1152 De
175 1123 316 1160 partibus
336 1123 462 1151 ecclesie
484 1132 506 1151 1.

112 1159 156 1187 De
176 1158 321 1194 qualitate
341 1159 468 1186 ecclesie
490 1167 511 1186 1.

111 1194 156 1221 De
176 1193 343 1228 quantitate
363 1194 490 1221 ecclesie
513 1202 534 1221 1.

109 1228 232 1256 Eleccio
264 1227 419 1290 pontigicis
452 1236 513 1255 11011
545 1229 683 1256 subiacet
712 1229 858 1257 eleccioni
889 1229 944 1257 hu-

181 1270 289 1290 manae
312 1270 344 1297 17
371 1284 377 1289 .

111 1298 233 1326 Eleccio
260 1298 396 1325 humana
422 1306 482 1326 non
510 1303 556 1326 est
576 1299 682 1326 efficax
708 1300 745 1327 ad
766 1300 942 1328 faciendum

184 1333 314 1368 dignum
336 1333 487 1367 prelatum
510 1333 577 1361 216.

111 1367 232 1395 Eleccio
254 1367 407 1401 pontificis
428 1376 482 1402 per
502 1373 616 1396 sortem
638 1369 686 1404 69.

111 1402 234 1430 Eleccio
255 1410 310 1437 per
328 1402 494 1437 episcopos
515 1403 564 1439 69.

110 1437 232 1465 Eleccio
253 1445 308 1468 per
329 1441 443 1465 sortem
463 1442 491 1465 et
505 1438 654 1474 securior,
677 1439 775 1474 magis
790 1440 942 1467 autentica

182 1479 227 1507 71⁷
250 1479 298 1507 72-

111 1506 234 1541 Papalis
263 1506 375 1534 eleccio
404 1511 432 1534 et
458 1507 676 1535 beneficiorum
697 1508 878 1536 distribucio
899 1518 943 1537 se-

181 1541 279 1568 minat
297 1543 506 1570 mercenarios
525 1543 556 1570 in
577 1543 704 1570 ecclesia
726 1551 797 1579 202,
818 1543 889 1572 203.

111 1576 233 1604 Eleccio
254 1576 360 1611 prelati
380 1576 472 1604 habet
491 1578 627 1612 pericula
648 1577 719 1613 347.

111 1611 257 1638 Humana
272 1611 383 1638 eleccio
399 1612 472 1639 nihil
488 1613 566 1639 valet
579 1613 610 1640 in
626 1613 767 1648 eligendo
783 1622 941 1642 summum

182 1646 388 1681 prepositum,
415 1647 475 1674 nisi
499 1648 536 1674 de
562 1652 678 1682 quanto
699 1649 943 1684 promulgaverit

182 1680 373 1708 conformem
395 1682 431 1708 ad
453 1681 604 1709 iudicium
625 1682 765 1710 divinum
787 1683 836 1712 63.

111 1715 145 1743 In
166 1715 372 1778 el6e5ccionibus
392 1716 516 1744 credere
530 1717 668 1745 debitum
690 1718 837 1752 operibus
853 1719 942 1746 bonis

111 1783 197 1812 Nihil
223 1789 268 1812 est
294 1785 394 1821 magis
426 1786 593 1813 hereticum
623 1795 715 1822 quam
748 1788 942 1822 pertinaciter

184 1819 347 1847 defendere
377 1822 460 1856 quod
491 1829 526 1848 eo
555 1822 624 1856 ipso
649 1830 711 1857 quo
732 1823 877 1850 electores
898 1832 941 1850 se-

181 1855 318 1882 cundum
346 1855 421 1882 ritus
449 1856 611 1883 hominum
638 1856 668 1883 in
697 1865 862 1892 personam
889 1859 942 1885 ali-

183 1897 275 1951 qluam
297 1891 540 1952 6consenserint,
574 1899 609 1918 eo
641 1892 710 1926 ipso
740 1893 779 1919 sit
809 1893 942 1928 legitime

181 1928 276 1951 eecta
318 1927 346 1952 o.

111 1958 196 1986 Ritus
227 1959 395 1986 hodiernus
427 1959 559 1995 eligendi
592 1968 705 1995 papam
737 1966 782 1989 est
816 1963 942 1990 ecclesie

181 1994 385 2021 scandalosus
407 1993 471 2029 195,
495 1994 559 2030 196.

111 2027 268 2064 Tempore
293 2029 508 2067 apostolorum
536 2034 563 2057 et
588 2031 847 2066 evangelistarum
874 2032 942 2060 Cle-

181 2071 303 2102 mensa
324 2064 411 2091 Petro
431 2064 562 2100 eligitur,
589 2073 662 2101 ergo
687 2074 749 2094 non
770 2068 940 2095 secundum

181 2102 372 2126 sanctltatem
388 2119 394 2125 .
413 2119 419 2125 .
436 2121 441 2127 .
460 2107 524 2135 174.

110 2132 296 2168 Episcopus,
318 2134 471 2168 presbiter
489 2139 518 2162 et
538 2135 684 2164 sacerdos
699 2136 772 2164 olim
788 2136 845 2164 fuit
858 2137 940 2164 idem

183 2175 247 2203 199,
269 2176 339 2201 200,
361 2176 427 2196 201.

112 2201 397 2266 Olim6v5ocat6i6sunt
411 2203 586 2240 quicunque
598 2205 695 2232 sancti
706 2205 847 2244 episcopi
863 2214 941 2242 pape

183 2245 192 2264 1
243 2260 250 2272 ‚
272 2245 284 2263 1
334 2259 339 2265 .

110 2271 401 2307 Evangelizantibus
427 2274 577 2302 debentur
602 2274 756 2310 stipendia
777 2274 847 2308 356,
869 2274 940 2311 357.

504 2383 548 2413 F.

110 2456 202 2485 Fides
221 2462 250 2485 et
270 2458 377 2493 opinio
399 2458 632 2495 distinguuntur
651 2458 723 2488 328.

110 2493 243 2521 Articuli
262 2501 341 2520 nove
360 2493 431 2521 fidei
451 2501 468 2520 a
488 2502 569 2529 papa
590 2494 660 2529 260,
683 2495 747 2522 261.

502 2603 555 2633 H.

111 2680 242 2707 Hereses
263 2680 403 2707 decidere
422 2680 459 2707 ad
481 2688 572 2715 quem
595 2684 710 2716 spectat
732 2680 836 2716 38516.

110 2715 292 2742 hierarchia
313 2715 412 2750 prima
433 2714 559 2751 35—37.

109 2765 144 2769 —
163 2751 299 2778 secunda
319 2749 367 2786 37.

110 2800 144 2805 —
162 2785 257 2813 tercia
277 2784 325 2820 38,
348 2784 397 2820 39.

111 2820 334 2848 Sanctissimus
355 2822 378 2847 si
401 2820 489 2847 debet
510 2828 576 2848 esse
596 2820 699 2848 omnis
720 2820 813 2847 homo
835 2818 904 2848 368.

110 2854 256 2882 Hominis
287 2855 439 2882 sanctitati
467 2856 552 2883 locus
579 2860 623 2882 cst
645 2855 846 2890 impertinens
868 2862 939 2889 220,

183 2898 248 2918 221.

1764 274 1845 311 413

1417 386 1448 416 1.

1016 450 1171 477 Johannes
1185 449 1277 477 XXII.
1292 454 1440 484 potestate
1451 450 1583 477 clavium
1599 451 1715 479 abusus
1727 456 1771 479 est
1790 461 1849 487 141,

1015 485 1157 546 ,111111οῗἓο
1179 485 1370 554 ἓοο93ῑεέξ1115
1396 492 1433 511 an
1461 485 1546 512 laicis
1573 485 1663 513 liceat
1690 487 1755 521 126,
1780 495 1845 521 127,

1106 542 1120 546 -
1148 541 1154 553 ,
1195 541 1209 546 2
1311 542 1336 546 ..

1411 605 1453 635 L.

1017 680 1174 708 Secularia
1205 680 1329 715 iudicia,
1369 682 1599 717 contenciones‚

1086 715 1172 742 laicis
1195 716 1378 750 pertinentia
1399 715 1447 750 84.

1016 749 1112 784 Leges
1131 750 1236 777 civiles
1257 755 1325 777 sunt
1346 751 1515 789 plurimum
1536 752 1615 778 iuste
1635 751 1705 779 355.

1016 784 1096 820 Lege
1114 784 1171 812 Dei
1191 785 1385 819 impossibile
1407 790 1452 812 est
1472 794 1538 813 esse
1560 787 1718 814 meliorem
1741 787 1809 823 339.

1016 819 1153 881 Εσο1ξέ1ἐ1
1184 819 1294 882 9110211115
1328 825 1483 856 regeretur
1515 829 1591 856 pura
1623 822 1687 857 lege
1719 823 1843 850 Domini

1015 889 1192 923 Appellavit
1204 863 1433 916 {incolniensis
1454 890 1489 917 ad
1506 890 1639 918 tribunal
1653 891 1765 919 Christi
1782 900 1847 927 190.

1016 923 1117 950 Locus
1139 931 1199 950 11011
1222 924 1391 951 sanctificat
1411 925 1569 952 hominem
1593 932 1654 960 171,
1678 934 1742 961 172.

1643 691 1742 719 pugne
1780 690 1847 712 sunt

1403 1021 1462 1052 M.

1016 1099 1212 1126 Marcellinus
1232 1106 1312 1133 papa
1332 1098 1508 1127 idolatravit
1532 1107 1592 1135 191.

1016 1133 1060 1161 De
1080 1133 1237 1161 miraculis
1259 1132 1329 1168 329.

1017 1169 1154 1196 Pericula
1173 1168 1202 1195 in
1224 1168 1362 1195 t‘accione
1383 1168 1522 1195 miraculi
1546 1169 1595 1196 25.

1016 1203 1108 1231 Solus
1129 1203 1211 1230 Deus
1232 1203 1380 1230 miracula
1400 1203 1473 1231 facit
1494 1211 1542 1238 24,
1566 1203 1615 1238 25,
1638 1205 1685 1232 26,

1406 1299 1457 1331 Ν.

1015 1378 1164 1406 Nicolaus
1195 1378 1246 1406 111.
1281 1378 1414 1406 declarat
1453 1380 1535 1413 quod
1576 1384 1674 1407 status
1715 1382 1843 1410 fratrum

1085 1414 1241 1441 Minorum
1264 1418 1309 1440 est
1329 1413 1398 1440 ideo
1411 1414 1531 1441 celestis
1546 1419 1574 1441 et
1589 1415 1843 1451 perfectissimus,

1084 1449 1156 1484 quia
1176 1449 1268 1476 statui
1291 1446 1406 1475 Christi
1432 1453 1461 1475 et
1485 1451 1701 1484 apostolorum
1725 1452 1845 1479 similli-

1015 1491 1162 1545 Nicomaulss
1176 1482 1240 1546 81117.
1269 1517 1372 1545 statuit
1397 1522 1429 1545 ut
1461 1518 1559 1545 solum
1587 1519 1625 1546 de
1652 1528 1707 1547 suo
1736 1520 1844 1548 ordine

1084 1553 1135 1580 fiat
1154 1561 1233 1589 papa
1256 1551 1326 1588 369.

1407 1637 1454 1670 O.

1013 1705 1058 1733 De
1077 1705 1258 1733 obediencia
1278 1704 1445 1739 383-384.

1014 1741 1114 1768 Etiam
1140 1740 1268 1767 discolis
1294 1740 1431 1767 dominis
1458 1740 1685 1768 oboediendum
1707 1740 1842 1769 051355.

1015 1774 1225 1802 Oboediencia
1244 1774 1381 1802 Romane
1401 1775 1528 1802 ecclesie
1550 1774 1616 1802 218.

1015 1810 1224 1837 Oboediencia
1266 1817 1322 1845 ape
1345 1817 1410 1845 190.

1013 1845 1114 1873 Nemo
1131 1853 1209 1880 pape
1257 1845 1326 1871 ebet
1344 1844 1501 1879 oboedire,
1523 1844 1581 1871 nisi
1603 1845 1639 1872 dc
1664 1850 1777 1880 quanto
1799 1846 1842 1873 di-

1082 1879 1160 1907 xerit
1179 1880 1275 1914 legem
1297 1887 1384 1906 suam
1407 1878 1473 1914 157.

1015 1915 1102 1942 Ordo
1123 1915 1338 1949 apostolorum
1360 1912 1409 1948 37.

1012 1966 1045 1969 —
1067 1949 1288 1984 prophetarum
1311 1947 1360 1984 37,
1382 1947 1430 1976 38.

1013 2000 1044 2004 -
1065 1984 1228 2011 doctorum
1250 1982 1299 2011 38.

1014 2019 1149 2047 Ordines
1174 2018 1302 2046 ecclesie
1325 2017 1494 2045 secundum
1520 2017 1705 2052 Dionysium
1728 2019 1844 2054 episco—

1084 2054 1173 2089 palis,
1193 2053 1393 2080 sacerdotalis
1412 2057 1441 2080 et
1460 2052 1671 2080 ministerialis
1693 2061 1759 2089 271,
1774 2062 1844 2090 277,

1012 2089 1133 2117 Novem
1153 2088 1280 2116 ordines
1300 2092 1487 2123 potestatum
1509 2086 1558 2122 35,
1580 2087 1629 2115 36.

1406 2184 1453 2214 Ρ.

1013 2262 1095 2297 Papa
1110 2261 1183 2296 quid
1199 2261 1301 2297 signat
1315 2261 1374 2288 hoc
1389 2268 1500 2288 nomen
1519 2260 1585 2295 165,
1603 2268 1667 2296 177,
1684 2260 1755 2297 367,
1773 2261 1842 2289 368.

1012 2297 1094 2332 Papa
1114 2297 1187 2331 quid
1209 2297 1298 2324 debet
1318 2297 1417 2323 facere
1439 2304 1500 2330 101,
1523 2303 1588 2323 102.

1013 2333 1095 2367 Papa
1114 2336 1158 2358 est
1177 2330 1390 2358 Antichristus
1411 2329 1481 2358 328.

1013 2367 1095 2401 Papa
1114 2367 1145 2393 in
1166 2369 1314 2401 quantum
1334 2365 1403 2392 talis
1423 2365 1511 2393 debet
1536 2373 1604 2393 esse
1627 2365 1843 2393 sanctissimus

1082 2400 1235 2428 viatorum
1257 2399 1328 2434 360,
1349 2399 1416 2428 361.

1012 2436 1098 2498 Pap}
1127 2435 1321 2470 (modernus)
1353 2439 1399 2462 est
1425 2435 1608 2470 potissimus
1631 2434 1843 2462 Antichristus

1105 2478 1152 2497 22.

1012 2505 1095 2540 Papa
1114 2513 1255 2532 cesareus
1276 2508 1321 2532 est
1341 2503 1599 2531 mendacissimus
1620 2503 1690 2532 330.

1013 2540 1094 2575 Papa
1126 2547 1187 2567 non
1227 2543 1272 2567 est
1308 2547 1400 2566 verus
1438 2538 1554 2567 Christi
1591 2539 1734 2571 vicarius,
1769 2540 1841 2567 dum

1083 2573 1241 2601 Christum
1262 2582 1324 2601 non
1344 2573 1483 2601 imitatur
1505 2581 1569 2609 147.

1011 2609 1094 2644 Papa
1114 2617 1208 2644 quare
1228 2617 1289 2635 non
1311 2609 1450 2644 predicat
1472 2608 1537 2670 159.

1011 2643 1113 2671 Verus
1134 2651 1213 2679 papa
1233 2643 1303 2678 quis
1323 2647 1369 2670 est
1389 2643 1502 2671 250—2
1531 2651 1557 2670 2.

1011 2678 1093 2712 Papa
1113 2686 1175 2705 non
1196 2682 1241 2705 est
1261 2682 1353 2713 caput
1372 2678 1556 2705 universalis
1575 2679 1701 2705 ecclesie
1723 2687 1789 2715 271.

1013 2712 1153 2747 Qualiter
1173 2720 1253 2748 papa
1274 2713 1382 2740 debeat
1401 2721 1468 2740 esse
1489 2713 1657 2749 266—270.

1013 2749 1095 2781 l’upa
1124 2752 1259 2775 servaret
1288 2756 1320 2774 se
1351 2748 1381 2775 in
1411 2748 1560 2775 limitibus
1592 2749 1782 2784 paupertatis
1815 2753 1842 2776 et

1081 2783 1248 2815 apostolice
1286 2783 1491 2818 alienationis,
1523 2783 1552 2810 in
1585 2784 1697 2819 quibus
1718 2783 1840 2811 Petrum

1082 2816 1225 2845 Christus
1245 2818 1405 2844 constituit·
1429 2818 1494 2846 160.

1011 2852 1093 2887 Papa
1113 2860 1150 2879 an
1170 2853 1235 2879 iure
1256 2852 1361 2880 divino
1381 2853 1555 2881 subsidium
1580 2861 1595 2880 a
1616 2861 1709 2888 regno
1729 2853 1842 2889 Anglie

1081 2887 1235 2914 desiderat
1255 2887 1326 2923 226,
1348 2895 1419 2923 2²7-
