2078 3338
206 282 294 311 CAP.
315 271 355 329 L]
598 284 656 316 DE
684 284 963 317 POTEsTATE
996 285 1126 317 PAPE.
1785 281 1806 320 5

206 389 326 430 enim
366 390 504 429 homo
547 389 691 430 habet
720 389 987 429 libertatem
1024 389 1125 430 sine
1163 388 1379 429 coactivo
1412 401 1525 441 pre·

203 458 359 513 posito
405 458 462 499 ad
506 458 770 498 faciendum
816 471 920 498 cum
963 458 1058 499 suis
1105 458 1235 512 quod
1271 457 1399 498 foret
1430 456 1520 497 sibi

206 528 498 583 expedicius,
514 533 624 568 tunc
649 527 818 568 dicitur
831 529 913 568 sub
926 530 1100 569 nullius
1121 529 1271 580 redigi
1286 530 1518 580 potestate,

203 604 256 639 ut
291 597 499 651 loquitur
530 598 797 650 Apostolus
835 597 869 639 I.
905 597 1112 638 Corinth.
1135 597 1216 647 VI,
1252 608 1316 646 123
1361 601 1410 637 et
1453 596 1520 637 sic

172 678 187 711 5
207 668 391 708 videtur
413 667 698 720 Apostolum
719 666 851 720 loqui
872 666 906 708 I.
930 666 1135 708 Corinth.
1150 666 1257 717 VH,
1281 681 1306 717 4
1333 666 1519 719 quando

205 738 317 778 dicit
360 738 488 791 quod
532 738 745 790 coniuges
781 750 870 778 uou
907 738 1065 778 habeut
1102 738 1176 778 sui
1207 737 1415 789 corporis
1441 748 1519 788 po-

202 811 418 860 testatem,
454 820 511 847 eo
546 808 675 860 quod
708 812 902 860 oportet
935 820 1017 847 eos
1050 820 1110 846 ex
1144 806 1306 847 debito
1340 804 1520 846 servire

203 877 294 918 sibi
324 876 572 930 reciproce
593 877 641 917 in
665 877 847 917 actibus
873 875 1147 928 carnalibus,
1180 875 1366 929 quando
1392 880 1522 915 esset

203 947 360 988 utilius
395 947 715 1000 contemplari.
768 947 829 987 Et
861 946 928 987 sic
961 946 1165 986 servitus
1199 951 1248 986 et
1286 944 1519 998 obligacio

149 1036 188 1056 10
205 1019 264 1058 ad
308 1017 540 1057 carnalem
585 1018 800 1070 copulam
845 1016 893 1056 in
939 1015 1160 1069 coniugio
1214 1021 1323 1056 sunt
1371 1020 1520 1055 status

201 1086 467 1141 imperfecti
512 1087 867 1139 quodammodo.
919 1087 1088 1127 Preter
1130 1085 1245 1126 istas
1290 1084 1520 1138 significa·
1582 1088 1708 1116 Resides
1731 1089 1769 1116 all

204 1157 365 1197 ciones
410 1156 608 1197 sumitur
651 1160 853 1209 potestas
895 1156 942 1196 in
986 1155 1220 1209 scriptura
1263 1169 1388 1195 nunc
1431 1168 1519 1208 pro
1535 1125 1803 1193 tnes‘epgnvgffimgs

203 1232 342 1267 sexto
377 1226 541 1266 ordine
578 1226 865 1279 angelorum,
910 1231 962 1266 ut
995 1225 1150 1266 Colos.
1183 1224 1218 1277 Ι,
1259 1225 1306 1265 16
1353 1230 1401 1265 et
1445 1224 1519 1264 ali·
1535 1192 1809 1264 &332thssssss-

204 1297 392 1350 quando
435 1309 523 1349 pro
567 1296 674 1349 ipso
719 1300 987 1348 potentatu,
1031 1301 1084 1335 ut
1125 1295 1267 1337 Rom.
1301 1294 1440 1346 XIII,
1479 1308 1518 1334 1:

150 1373 184 1404 15
207 1366 367 1408 Omnis
415 1368 577 1407 anima
617 1367 910 1418 potestatibus
952 1366 1296 1406 sublimioribus
1339 1365 1522 1405 subdita

200 1437 272 1477 sit.
305 1435 367 1476 Et
390 1436 675 1489 quandoque
699 1435 895 1476 sumitur
919 1435 1147 1488 equivoce
1169 1447 1258 1488 pro
1280 1440 1520 1487 potestate

201 1511 426 1558 pretensa
469 1507 548 1546 vel
590 1505 709 1546 false
749 1505 956 1559 palliata,
1002 1510 1054 1546 ut
1094 1504 1222 1545 Luce
1254 1503 1420 1556 XXII,
1466 1516 1518 1556 53

203 1575 316 1616 dicit
340 1575 553 1616 Christus
578 1575 674 1615 suis
698 1574 994 1629 captoribus:
1028 1574 1125 1616 Hec
1147 1578 1209 1615 est
1228 1576 1343 1615 hora
1365 1578 1521 1616 vestra

201 1649 240 1686 et
269 1649 473 1699 potestas
508 1647 812 1687 tenebrarum.
871 1645 934 1685 Et
969 1644 1083 1685 istas
1123 1644 1519 1698 equivocaciones

145 1731 186 1752 20
200 1720 489 1768 potestatum
533 1720 727 1768 oportet
770 1714 1026 1768 diligenter
1063 1719 1227 1754 notare
1260 1714 1519 1755 secundum

199 1784 494 1839 pertinencia
524 1785 719 1825 materie
751 1785 992 1825 ventilate.

259 1855 483 1908 Quamvis
517 1861 671 1895 autem
703 1855 909 1895 nesciam
941 1855 1138 1895 fundare
1171 1854 1428 1896 efficaciter
1457 1867 1518 1894 ex
1594 1867 1643 1906 Αμ
1663 1867 1747 1894 these

201 1925 446 1978 scriptura,
481 1925 608 1978 quod
642 1925 794 1978 aliqua
827 1924 886 1965 sit
917 1930 1132 1978 potestas
1160 1907 1797 1976 11151Γειοίοῃᾶᾓεωῗὲἒιὲᾒὲνῗὲἒδῖ

199 1994 434 2048 potencia,
465 2001 623 2036 tamen
646 1995 753 2048 quia
776 1995 964 2036 videtur
995 1994 1307 2035 Aristotelem
1340 2000 1388 2035 et
1410 1995 1517 2035 doc·
1551 1972 1794 2034 Sisscgotrss‘iriossre

143 2068 183 2101 25
200 2070 329 2104 tores
361 2070 551 2105 nostros
583 2064 715 2118 loqui
747 2065 1006 2118 extensius,
1040 2070 1087 2105 et
1118 2077 1291 2105 nornen
1325 2070 1399 2105 est
1419 2078 1518 2105 vox
1637 2049 1703 2069 use'

200 2133 428 2174 sensitiva
452 2135 509 2175 ad
530 2135 766 2188 placitum,
790 2134 901 2175 satis
923 2140 1127 2188 possunt
1148 2133 1329 2174 admitti
1352 2147 1516 2175 omnes

200 2203 581 2258 significaciones
626 2204 812 2245 termini
857 2204 1140 2258 supradicte,
1192 2217 1297 2244 nam
1347 2205 1517 2245 beatus

199 2274 437 2324 Johannes
488 2274 712 2327 intelligit
760 2274 808 2314 in
858 2274 1010 2327 primo
1062 2274 1182 2314 libro
1230 2273 1516 2327 prophetico

85 2346 160 2379 162C
197 2343 412 2384 homines
433 2344 696 2385 bestialiter
714 2349 1065 2385 conversantes.
1083 2342 1086 2399 1
1104 2343 1159 2384 In
1177 2343 1307 2384 cuius
1331 2343 1517 2397 signum

142 2413 394 2466 30Apocal.
446 2413 522 2453 IX
580 2413 809 2454 describit
864 2413 1041 2454 bestias
1098 2412 1516 2467 descripcionibus,

199 2484 361 2536 quales
400 2496 497 2523 non
527 2489 732 2537 possunt
771 2483 1081 2536 corporaliter
1115 2488 1393 2536 competere
1426 2483 1516 2523 ani-

198 2552 315 2593 mali.
338 2552 407 2593 Ut
427 2558 561 2605 patet
582 2555 636 2594 cte
667 2554 861 2603 locustis,
886 2566 1002 2606 quas
1026 2552 1139 2593 dicit
1159 2553 1320 2593 habere
1342 2553 1518 2593 caudas

196 2622 371 2663 slmiles
391 2624 698 2676 scorpionum,
721 2627 759 2664 et
780 2623 927 2663 aculei
948 2626 1079 2663 eraut
1100 2635 1154 2662 zu
1166 2623 1329 2663 caudis
1342 2635 1517 2665 earum.

269 2770 311 2798 16.
327 2770 380 2798 AB
395 2770 425 2798 in
441 2779 556 2806 marga
571 2771 713 2799 Potestas
723 2774 880 2806 pretensa.
938 2770 986 2799 28.
1001 2771 1120 2806 primo;
1140 2770 1268 2798 rectius:
1283 2770 1315 2798 in
1326 2770 1380 2798 illo
1392 2781 1424 2794 =
1436 2770 1467 2798 in
1479 2777 1517 2797 1⁰·

267 2852 411 2883 11—19.
441 2844 539 2882 Quae
558 2844 599 2875 de
620 2849 791 2885 potestate
816 2843 884 2875 hoc
909 2844 988 2875 loco
1015 2849 1256 2875 memorantur
1290 2843 1325 2874 in
1348 2842 1516 2875 Johannis

196 2903 270 2934 Hus
286 2903 336 2934 De
350 2901 505 2934 Ecclesia
524 2901 583 2934 fol.
603 2899 685 2943 217b
704 2901 914 2933 verbotenus
935 2902 1095 2943 legimus.
1193 2901 1245 2933 32.
1264 2902 1374 2943 Apoc.
1392 2901 1446 2942 IX,
1468 2912 1515 2933 10.
