2078 3338
245 292 323 329 292
970 285 1195 317 JOHANNIS
1221 284 1407 315 WYCLIF
1668 268 1779 324 [CAP.
1807 278 1848 306 xi

840 389 1193 430 Sacramentum
1218 388 1392 441 pingue
1422 387 1536 428 dabo

839 458 941 499 Non
973 471 1186 501 macrum
1217 457 1497 508 sacrificabo.

591 551 708 592 Cum
771 555 925 591 autem
964 550 1098 604 signa
1140 550 1229 590 ista
1278 562 1375 589 non
1427 549 1520 589 sint
1558 548 1648 588 nisi
1688 548 1847 602 gracia

534 622 839 675 signatorum,
872 620 1055 674 signata
1086 633 1174 673 per
1206 632 1256 659 se
1289 618 1528 659 sufficiunt
1550 618 1650 658 sine
1684 617 1847 670 signis,

534 692 620 731 sed
652 691 788 743 signa
820 690 920 730 sine
952 690 1243 742 signatorum
1283 687 1711 740 correspondencia
1742 692 1883 729 sunt5

534 773 788 814 venenum3
834 773 922 799 nec
967 772 1174 799 morarer
1207 758 1329 798 circa
1358 759 1448 798 hec
1482 757 1615 811 signa
1644 757 1692 797 in
1722 769 1849 797 novo

535 834 820 870 testamento
867 829 924 868 ad
968 841 1087 868 onus
1129 827 1330 868 ecclesie
1361 827 1631 868 introducta
1675 826 1764 866 nisi
1797 826 1854 865 ad

537 899 859 952 detegendum
920 911 1111 939 sensum
1171 897 1404 938 misticum
1473 902 1855 937 ornamentorum

537 968 901 1010 sacerdotalium
922 968 1044 1021 legis
1061 967 1253 1016 veteris,
1278 968 1448 1021 quibus
1471 966 1625 1007 omnia
1637 966 1685 1006 in
1705 966 1856 1019 figura

538 1038 837 1091 contigerant
870 1039 927 1078 ad
959 1038 1305 1092 ostendendum
1349 1050 1552 1086 sensum,
1598 1049 1738 1089 quem
1767 1048 1856 1075 nos
1874 1055 1914 1078 10

537 1114 726 1148 utentes
774 1107 948 1148 talibus
993 1106 1139 1161 signis
1183 1107 1410 1146 debemus
1447 1106 1857 1159 preponderanter

538 1178 786 1219 attendere
820 1182 868 1217 et
900 1177 958 1216 ad
990 1175 1366 1216 convincendum
1394 1175 1686 1216 mendacium
1708 1173 1856 1227 philo-

282 1257 490 1298 Aia-suranna
541 1247 737 1300 sophice
782 1246 916 1299 signa
946 1245 1036 1285 ista
1073 1244 1357 1298 gerencium.
1403 1245 1481 1284 Ad
1525 1250 1702 1284 tantum
1737 1243 1857 1283 enim

276 1293 493 1364 syssfflgiisz‘ilng.
542 1316 729 1370 quidam
759 1315 807 1355 in
837 1314 940 1355 istis
972 1328 1092 1355 vane
1124 1313 1379 1359 subtiliant,
1414 1314 1543 1367 quod
1574 1319 1726 1354 totum
1759 1313 1856 1353 offi-

542 1385 662 1426 cium
693 1385 834 1426 misse
868 1390 916 1425 et
943 1383 1248 1424 sacerdotalis
1278 1383 1421 1423 officii
1454 1397 1558 1423 cum
1581 1382 1729 1438 signis
1761 1382 1857 1423 suis
1878 1393 1913 1424 15

542 1469 594 1495 ac
640 1455 784 1495 eciam
826 1459 987 1507 partes
1032 1453 1225 1494 basilice
1259 1466 1361 1493 cum
1405 1453 1500 1493 suis
1535 1452 1858 1493 accidentibus

541 1524 724 1565 mistice
755 1523 1031 1573 moralizant,
1078 1528 1131 1563 ut
1160 1521 1473 1574 ventilogium
1515 1522 1561 1562 in
1595 1522 1859 1563 summitate

544 1592 813 1647 campanilis
848 1591 1050 1633 ecclesie
1074 1591 1237 1631 dicunt
1269 1591 1459 1644 signare
1493 1597 1703 1631 curatum
1735 1591 1859 1631 illius

544 1664 759 1714 ecclesie,
776 1662 856 1716 qui
879 1663 1025 1703 debet
1041 1674 1147 1701 esse
1169 1660 1217 1701 in
1241 1661 1610 1701 conversacione
1630 1661 1858 1714 superior,

545 1732 950 1786 contemplacione
985 1731 1150 1772 celesti
1184 1730 1387 1771 ecclesie
1418 1731 1723 1784 triumphanti
1753 1744 1892 1784 pro-2

543 1803 763 1857 pinquior
796 1807 844 1843 et
887 1807 1055 1842 contra
1087 1814 1250 1841 omnes
1288 1806 1459 1841 ventos
1491 1801 1859 1854 temptacionum

547 1872 750 1913 ecclesie
772 1878 1008 1925 tamquam
1030 1871 1182 1924 gallus
1206 1871 1262 1910 ad
1283 1870 1621 1924 predicandum
1635 1870 1861 1924 paracior.

548 1943 645 1985 Sed
660 1941 979 1983 Antichristus
1004 1954 1109 1980 cum
1130 1940 1355 1994 magistro
1378 1954 1464 1980 suo
1479 1940 1698 1981 Lucifero
1720 1942 1864 1980 habet

547 2025 735 2053 sensum
761 2010 1045 2052 contrarium
1066 2010 1115 2050 in
1135 2010 1223 2050 hiis
1246 2010 1406 2064 signis,
1429 2016 1481 2051 ut
1501 2011 1631 2064 quod
1652 2011 1863 2064 prelatus

545 2082 593 2122 in
614 2082 737 2122 fastu
762 2082 822 2122 sit
845 2080 1003 2130 alcior,
1027 2080 1085 2120 ad
1109 2093 1293 2120 omnem
1315 2086 1508 2120 ventum
1530 2080 1863 2133 temptacionis
1881 2089 1920 2120 25

547 2150 808 2193 vertibilior
852 2156 900 2191 et
938 2156 1170 2202 tamquam
1213 2151 1341 2190 canis
1369 2149 1372 2204 Ι
1401 2153 1555 2190 mutus
1585 2162 1674 2190 uon
1712 2151 1865 2191 valens

547 2225 736 2275 latrare,
781 2234 891 2275 ymo
936 2227 988 2261 ut
1031 2223 1154 2262 nuda
1193 2221 1298 2273 galli
1330 2224 1487 2261 statua
1519 2219 1577 2260 ad
1607 2219 1865 2260 fallendum

549 2291 791 2333 subiectos
823 2291 1102 2332 mendacior.

283 2383 328 2411 3rd
349 2386 526 2418 argument:
607 2363 776 2404 Tercio
808 2362 1128 2417 principaliter
1160 2360 1373 2414 arguitur
1394 2373 1480 2413 per
1503 2361 1594 2400 hoc
1627 2362 1753 2413 quod
1776 2360 1866 2400 nisi

295 2418 493 2490 ssgwfeossstgfe
549 2447 673 2486 papa
705 2436 901 2474 haberet
932 2431 1270 2486 plenitudinem
1311 2430 1561 2484 potestatis
1595 2435 1642 2470 et
1664 2430 1737 2471 alii
1770 2430 1897 2483 epi-3

279 2489 519 2562 pr'ssfifft'gsagssffi-
552 2504 687 2557 scopi
719 2504 958 2558 gradatim,
992 2509 1045 2543 ut
1064 2503 1111 2543 in
1144 2501 1340 2543 eeclesia
1374 2500 1656 2552 ordinantur,
1686 2500 1867 2554 periret

281 2560 383 2587 ‘voum
406 2559 520 2594 W'Sh'
553 2576 667 2614 ordo
702 2573 1017 2614 confessionis
1056 2579 1102 2613 et
1133 2572 1273 2613 timor
1306 2571 1625 2612 committendi
1655 2576 1866 2624 peccata,

554 2657 661 2696 ymo
706 2657 793 2697 per
836 2644 961 2684 idem
992 2656 1086 2683 non
1119 2644 1453 2682 observaretur
1495 2642 1613 2682 ritus
1645 2641 1723 2681 vel
1754 2652 1867 2680 usus

554 2713 745 2753 alicuius
791 2713 1005 2765 ecclesie,
1050 2711 1136 2753 nisi
1175 2712 1256 2765 qui
1286 2714 1408 2753 foret
1440 2723 1671 2764 expresse
1703 2709 1867 2750 funda-

625 2872 672 2900 23.
695 2872 795 2900 Codd.
817 2874 847 2900 in
869 2881 983 2908 marg:
1012 2873 1119 2901 Gallm
1139 2880 1233 2908 snpra
1257 2872 1435 2907 pinaculzmz
1461 2870 1643 2905 campanilis-
1659 2870 1777 2905 positus
1797 2869 1871 2904 quid

552 2920 669 2954 signat.
744 2918 788 2947 31.
811 2918 910 2947 Codd.
933 2920 963 2946 in
986 2927 1101 2953 marg:
1122 2919 1287 2946 Potestazss
1306 2918 1466 2953 plenitudo
1487 2918 1517 2944 in
1536 2924 1628 2951 papa.

1904 2159 1985 2197 234³
