2078 3338
213 286 302 316 CAP.
326 276 380 333 x.]
606 291 663 321 DE
690 289 971 322 Po‘rEsTATE
997 290 1127 321 PAPE.

212 393 270 432 de
314 393 515 446 primatu
560 393 831 434 diviciarum
876 393 1204 447 temporalium
1248 394 1324 434 vel
1372 393 1523 447 glorie

209 462 419 503 humane.
443 462 496 502 In
518 463 608 503 hoc
633 463 756 503 enim
780 462 998 504 Scarioth
1034 463 1113 516 qui
1129 464 1332 517 possedit
1354 472 1524 516 agrum

209 531 263 571 de
294 533 496 572 mercede
530 533 791 584 iniquitatis,
825 538 875 572 ut
898 531 1009 572 dicit
1031 532 1202 573 Petrus
1225 532 1333 574 Act.
1358 532 1523 585 primo,

209 601 403 641 Petrum
437 607 723 652 excesserat,
761 606 963 655 propter
1001 602 1124 655 quod
1157 601 1306 642 sancti
1340 607 1386 642 et
1417 615 1523 655 spe-

178 680 193 711 5
211 670 387 711 cialiter
419 671 623 724 apostoli
644 670 900 712 timuerunt
920 671 1175 724 impetrare
1199 671 1288 713 sibi
1308 671 1522 712 redditus

210 741 269 780 de
290 740 429 781 bonis
452 754 725 794 pauperum.
758 741 821 781 Et
844 754 897 781 ex
918 740 1020 781 istis
1043 746 1175 794 patet
1205 740 1355 781 tercio
1387 751 1523 794 quam

207 810 330 850 nuda
372 809 498 851 foret
546 810 750 864 argucia:
796 810 1014 851 Romana
1066 810 1268 851 ecclesia
1318 823 1414 851 non
1464 811 1522 850 ab

208 879 438 932 apostolis
461 880 546 920 sed
569 881 626 921 ab
658 879 764 933 ipso
789 879 994 920 Domino
1021 879 1272 933 primatum
1305 879 1522 929 obtinuit,

207 948 352 1002 igitur
389 948 538 989 omnis
571 949 816 989 Romanus
856 949 1078 1002 pontifex
1108 950 1186 989 vel
1227 949 1343 989 alius
1379 949 1525 989 debet

156 1018 253 1059 xoin
285 1018 436 1072 gloria
467 1019 699 1059 mundana
729 1020 993 1072 precellere
1024 1018 1103 1059 vel
1139 1018 1414 1059 seculariter
1446 1019 1523 1058 do-

206 1088 381 1138 minari,
429 1088 541 1141 quin
585 1088 753 1141 pocius
793 1102 854 1128 ex
894 1088 1088 1128 decreto
1137 1087 1350 1140 sequitur
1395 1088 1524 1141 quod

206 1157 451 1198 Romanus
467 1157 689 1211 pontifex
712 1163 902 1198 tenetur
923 1157 1103 1198 servire
1116 1156 1181 1197 illi
1201 1158 1397 1211 populo,
1429 1171 1524 1197 non

207 1227 298 1268 sibi
330 1227 612 1268 dominando
646 1228 724 1268 vel
754 1227 910 1281 ipsum
934 1227 1289 1280 suspendendo,
1323 1227 1410 1267 sed
1431 1240 1521 1280 pro

203 1297 283 1338 illo
309 1297 565 1338 efficaciter
587 1299 845 1347 exorando,
868 1302 920 1337 ut
941 1297 1116 1349 allegat
1130 1297 1325 1337 Paulum
1348 1296 1522 1337 fecisse

153 1366 343 1408 15R0m.
388 1367 558 1420 primo:
602 1367 749 1417 Licet,
794 1366 958 1420 inquit,
1004 1379 1092 1420 pro
1139 1366 1355 1406 omnibus
1401 1366 1524 1420 apud

203 1436 457 1477 Dominum
490 1436 694 1477 omnium
726 1442 995 1477 sanctorum
1040 1435 1306 1476 effundatur
1350 1436 1522 1486 oracio,

202 1506 290 1546 hiis
335 1511 491 1546 tamen
533 1506 695 1548 verbis
739 1506 914 1546 Paulus
957 1505 1258 1546 beatissimus
1290 1505 1523 1546 Romanis

203 1576 398 1629 proprio
425 1576 724 1631 cyrographo
748 1576 1000 1629 pollicetur
1023 1575 1205 1616 dicens:
1245 1575 1380 1616 Testis
1404 1576 1522 1616 enim

204 1646 341 1690 michi
363 1649 426 1686 est
447 1645 585 1697 Deus,
618 1647 691 1685 cuz·
712 1647 857 1686 servio
881 1647 930 1686 in
961 1646 1126 1699 spiritu
1158 1658 1270 1694 meo,
1302 1646 1350 1686 irt
1382 1658 1520 1686 evan?

150 1716 317 1767 20gelio
338 1716 438 1766 filii
469 1717 577 1768 eius,
610 1716 729 1768 quod
759 1716 856 1756 sine
887 1716 1224 1756 intermissione
1245 1716 1522 1756 memoriam

203 1785 340 1825 vestri
366 1784 497 1836 facio
535 1798 710 1838 semper
740 1786 788 1826 in
821 1785 1109 1826 oracionibus
1145 1785 1272 1826 meis.
1325 1784 1401 1824 Ex
1431 1784 1522 1825 isto

205 1854 398 1894 decreto
431 1854 620 1895 videtur
651 1853 775 1908 quod
795 1867 919 1908 papa
940 1855 1202 1895 Anacletus
1224 1853 1376 1894 noluit
1398 1866 1521 1894 asse-

204 1937 309 1963 rere
355 1925 484 1977 quod
525 1924 631 1978 ipse
677 1924 842 1965 debuit
887 1938 1031 1978 super
1078 1937 1241 1964 omnes
1281 1923 1396 1964 alios
1441 1923 1522 1964 do-

205 1993 368 2033 minari
401 1993 600 2034 civiliter
621 1994 700 2034 vel
721 1993 972 2047 primatum
993 1994 1167 2034 habere
1191 1993 1346 2047 quoad
1367 1993 1522 2033 Deum

150 2071 189 2103 23
208 2075 351 2116 super
395 2076 558 2104 omnes
602 2063 711 2104 alias
755 2076 985 2117 personas
1026 2063 1229 2104 ecclesie
1269 2062 1520 2113 militantis,

207 2132 314 2186 quia
345 2133 412 2173 sic
446 2133 688 2186 querendo
722 2133 917 2186 gloriam
960 2133 1211 2186 propriam,
1257 2138 1309 2172 ut
1353 2132 1523 2173 dicitur

205 2203 312 2253 Joh.
346 2202 404 2252 V,
454 2204 651 2245 haberet
703 2203 889 2256 signum
942 2202 1346 2243 evidentissimum
1389 2202 1521 2243 Anti-

206 2272 379 2322 christi,
402 2286 512 2326 ymo
534 2272 808 2313 Bonifacius
830 2271 962 2313 VIII.
984 2272 1033 2312 in
1067 2285 1150 2313 sua
1179 2277 1521 2325 extravagante

211 2341 357 2382 Unam
396 2346 604 2383 sanctam
642 2356 737 2383 non
769 2342 973 2383 audebat
1006 2355 1238 2396 expresse
1259 2341 1375 2382 illud
1398 2354 1519 2382 asse-

149 2421 190 2453 30
204 2424 322 2461 rere,
355 2412 461 2465 quia
491 2417 585 2452 tam
616 2412 781 2452 fideles
810 2425 947 2466 quam
978 2411 1195 2453 infideles
1226 2411 1522 2465 pertinenter

88 2488 167 2521 218c
205 2480 295 2521 sibi
335 2481 597 2522 obicerent:
641 2482 703 2522 Ta
731 2481 736 2536 1
764 2483 818 2522 de
855 2486 894 2522 te
931 2483 1028 2535 ipso
1066 2482 1375 2523 testimonium
1406 2494 1518 2533 per-

203 2552 335 2600 hihes,
368 2552 674 2592 testimoniam
706 2555 834 2592 tmzm
867 2564 956 2592 nort
988 2555 1052 2592 est
1081 2564 1251 2593 veram.
1302 2550 1442 2591 Unde
1473 2550 1520 2590 in

203 2620 339 2661 istam
371 2621 739 2674 perplexitatem
772 2635 833 2662 ex
866 2621 1117 2662 dotacione
1151 2627 1198 2661 et
1225 2620 1519 2661 exaltacione

206 2690 379 2731 cesaris
409 2690 716 2732 involvuntur
741 2691 951 2733 Romani
981 2691 1248 2745 pontifices,
1282 2691 1411 2743 quod
1440 2689 1518 2730 im-

276 2862 306 2884 2.
331 2853 406 2886 Act.
433 2853 456 2897 Ι,
486 2851 536 2885 18.
635 2852 686 2887 18.
719 2854 822 2886 Rom.
849 2853 873 2896 I,
905 2863 937 2896 9.
1035 2862 1088 2894 29.
1121 2854 1262 2886 ExtraV.
1296 2852 1434 2885 Comm.
1468 2852 1519 2883 De

205 2910 398 2943 Maioritate
424 2917 457 2942 et
482 2910 697 2943 Obediencie
723 2912 746 2952 I,
772 2911 859 2955 VIII,
888 2919 917 2946 1.

1729 292 1810 331 229
