2078 3338
275 274 325 310 42
993 274 1217 306 JOHANle
1244 274 1430 305 WYCLIF
1713 261 1819 318 [CAP.
1841 272 1876 299 11.

562 380 600 417 et
643 378 887 428 vivificavit
918 379 1091 418 dicens:
1134 378 1322 427 Lazare,
1366 380 1467 419 veni
1498 378 1641 431 foras
1685 382 1724 419 et
1752 383 1875 431 post-

560 447 749 487 modum
782 448 834 497 is,
865 449 942 499 qui
973 449 1100 488 vivus
1118 448 1293 499 fuerat,
1339 456 1547 500 egressus
1578 462 1607 488 α
1640 449 1878 501 discipulis

561 520 623 556 est
653 518 837 559 solutus.
869 516 931 557 Et
961 523 1096 570 patet
1124 531 1226 557 cum
1251 531 1391 558 cursu
1413 518 1614 558 ecclesie
1638 519 1876 571 quomodo

560 585 706 626 maior
737 599 846 639 pars
880 587 1083 627 ecclesie
1114 592 1208 628 tam
1239 588 1287 627 in
1318 587 1422 628 foro
1445 588 1717 641 penitencie
1741 601 1877 641 quam

558 655 671 695 iuris
706 661 835 696 caret
865 662 1105 709 potestate
1137 657 1308 697 iudicii.
1895 666 1910 696 5

620 725 930 766 Confirmatur
950 727 1160 767 secundo
1185 740 1246 766 ex
1266 727 1357 767 hoc
1380 728 1508 780 quod
1528 732 1745 780 potestas
1772 726 1876 767 talis

561 808 664 834 curn
697 794 855 835 dativo
888 809 913 835 a
942 796 1051 836 Deo
1086 797 1143 835 ad
1174 802 1268 836 tam
1292 797 1534 836 excellens
1557 796 1876 845 ministerium,

561 870 635 905 est
657 865 891 917 quoddam
915 865 1152 918 singulare
1169 865 1481 920 privilegium.
1505 865 1602 907 Sed
1618 866 1878 906 secundum

559 934 750 974 beatum
783 933 1067 989 Gregorium
1113 934 1308 974 ibidem:
1347 936 1649 988 privilegium
1693 936 1877 975 omnino

558 1007 761 1044 meretur
792 1005 1000 1045 amittere
1043 1005 1120 1056 qui
1158 1005 1396 1057 permissa
1429 1005 1515 1044 sibi
1557 1005 1759 1044 abutitur
1795 1017 1876 1057 po·
1897 1024 1936 1044 10

558 1077 721 1114 testate.
775 1073 890 1113 Cum
933 1073 1079 1126 igitur
1122 1073 1321 1126 quilibet
1363 1078 1640 1127 potentatus
1673 1073 1878 1114 abutitur

558 1156 641 1182 sua
684 1148 938 1196 potestate,
984 1144 1092 1183 dum
1135 1144 1258 1183 illam
1305 1143 1575 1184 exercuerit
1604 1143 1652 1183 in
1682 1143 1876 1196 mortali,

557 1212 747 1253 videtur
779 1214 906 1266 quod
935 1219 1144 1254 meretur
1165 1219 1457 1266 potestatem
1485 1214 1626 1253 talem
1649 1212 1874 1261 amittere,

559 1288 607 1323 et
654 1296 757 1322 cum
789 1283 921 1323 Deus
967 1283 1047 1336 qui
1091 1284 1170 1324 dat
1211 1283 1552 1324 insensibiliter
1588 1288 1877 1336 potestatem

557 1366 652 1392 non
697 1353 852 1393 defert
895 1354 1111 1394 meritum
1144 1354 1246 1393 sive
1280 1353 1484 1407 dignum,
1529 1353 1717 1393 videtur
1749 1353 1933 1406 quod15

559 1435 615 1462 eo
648 1422 754 1475 ipso
787 1423 920 1463 Deus
956 1422 1106 1463 aufert
1138 1424 1195 1463 ab
1227 1423 1417 1463 homine
1448 1428 1753 1476 potestatem.

615 1492 747 1545 Item,
793 1492 927 1533 Deus
971 1498 1135 1546 potest
1178 1494 1364 1534 auferre
1406 1493 1648 1533 licenciam
1680 1493 1757 1532 vel
1794 1505 1877 1545 po-

555 1567 778 1602 testatem
830 1564 886 1602 ab
938 1562 1126 1603 homine
1171 1576 1259 1616 pro
1309 1563 1497 1608 delicto,
1552 1563 1637 1603 sed
1689 1562 1875 1615 quando

558 1632 765 1673 auferret
809 1633 1056 1686 graciosus
1102 1633 1316 1673 dominus
1361 1633 1399 1673 si
1443 1646 1539 1673 non
1585 1633 1772 1686 quando
1825 1644 1876 1671 se

555 1702 711 1755 ipsum
755 1702 1060 1756 dampnificat
1103 1716 1192 1756 per
1243 1705 1437 1744 abusum
1493 1704 1551 1743 ad
1603 1703 1731 1756 quod
1781 1715 1934 1742 non20

554 1772 700 1812 habet
741 1773 1010 1813 licenciam?
1055 1773 1164 1813 ideo
1211 1786 1314 1813 cum
1358 1786 1496 1813 nemo
1542 1778 1706 1826 potest
1750 1772 1878 1812 abuti

556 1842 638 1882 tali
668 1842 865 1883 licencia
896 1856 985 1883 nec
1017 1842 1208 1889 virtute,
1243 1843 1431 1884 videtur
1464 1844 1592 1897 quod
1616 1841 1876 1896 Gregorius

557 1912 814 1965 equivocat
845 1913 1060 1954 vocando
1093 1919 1394 1966 potestatem,
1426 1926 1573 1966 posse
1601 1913 1681 1952 vel
1711 1917 1876 1965 poten-

557 1982 673 2022 ciam
718 1989 795 2024 aut
836 1983 1036 2024 liberum
1081 1983 1332 2035 arbitrium,
1376 1989 1425 2023 et
1469 1983 1579 2023 alias
1611 1987 1753 2022 vocat
1783 1995 1874 2035 po-

556 2058 782 2092 testatem
817 2053 1029 2093 amissam
1060 2054 1214 2106 ipsam
1244 2052 1500 2094 licenciam.
1892 2057 1931 2089 25

287 2133 518 2172 Auhoughthe
614 2122 675 2162 Et
716 2122 840 2162 idem
884 2123 1073 2163 videtur
1118 2137 1181 2163 ex
1219 2124 1414 2163 decreto
1452 2122 1580 2162 beati
1620 2120 1876 2177 Augustini

293 2169 429 2242 fssffvlssssff
442 2168 507 2230 13ῗὲ
556 2191 716 2245 posito
741 2192 931 2246 XXIV,
965 2207 1007 2246 q.
1028 2193 1191 2246 prima,
1223 2193 1304 2232 ubi
1328 2192 1441 2233 dicit
1462 2205 1618 2233 omnes
1647 2193 1874 2239 hereticos,

276 2238 531 2311 Ῑζῗὲὲῗοέζῖφωὴὲῗὲ
557 2263 606 2301 id
654 2265 727 2312 est,
764 2266 949 2314 peccato
994 2265 1179 2303 mortali
1223 2264 1279 2303 ab
1323 2263 1506 2302 ecclesia
1553 2263 1735 2314 divisos,
1787 2274 1876 2302 non

283 2312 522 2335 mmmranons'
555 2332 717 2371 habere
760 2332 937 2383 aliquid
973 2333 1224 2385 potestatis.
1278 2331 1375 2373 Sed
1407 2332 1662 2372 notandum
1696 2336 1781 2384 est,
1825 2337 1877 2371 ut

558 2401 668 2441 alias
692 2401 940 2454 declaravi,
975 2402 1105 2454 quod
1128 2415 1249 2455 opus
1276 2401 1473 2442 heretici
1495 2400 1697 2441 vertitur
1719 2399 1874 2453 dignis
1891 2405 1933 2438 30

557 2471 615 2510 ad
668 2471 975 2524 commodum,
1029 2471 1151 2511 sicut
1197 2471 1331 2510 Deus
1383 2484 1470 2523 per
1522 2483 1573 2510 se
1626 2470 1832 2523 supplet,
1869 2467 1872 2524 Ι

557 2541 746 2594 quando
779 2540 1014 2593 prepositi
1047 2539 1444 2581 excommunicati
1476 2553 1500 2580 a
1530 2539 1639 2579 Deo
1673 2538 1873 2579 subditis
1918 2553 1974 2585 171

557 2610 653 2650 suis
686 2610 923 2650 deficiunt.

1982 2541 1996 2559 b

628 2766 676 2794 29.
697 2760 725 2785 A
745 2758 775 2785 in
797 2766 913 2794 marg.:
933 2757 1027 2785 Nota.

625 2852 656 2884 9.
684 2841 767 2873 lbid.
794 2851 867 2882 cap.
897 2841 1016 2873 LXIII.
1114 2850 1167 2882 27.
1194 2842 1328 2873 Decreti
1348 2841 1500 2873 secunda
1520 2850 1610 2883 pars,
1632 2849 1736 2871 causa
1753 2839 1871 2881 XXIV,

556 2910 590 2942 q.
617 2900 639 2939 Ι,
667 2910 740 2942 cap.
766 2900 886 2931 XXXI.
913 2898 1130 2933 Didicimus.
