<?xml version="1.0" encoding="UTF-8"?>
<!DOCTYPE html PUBLIC "-//W3C//DTD XHTML 1.0 Transitional//EN"
    "http://www.w3.org/TR/xhtml1/DTD/xhtml1-transitional.dtd">
<html xmlns="http://www.w3.org/1999/xhtml" xml:lang="en" lang="en">
 <head>
  <title>
</title>
<meta http-equiv="Content-Type" content="text/html;charset=utf-8" />
  <meta name='ocr-system' content='tesseract 3.04.00' />
  <meta name='ocr-capabilities' content='ocr_page ocr_carea ocr_par ocr_line ocrx_word'/>
</head>
<body>
  <div class='ocr_page' id='page_1' title='image "./tractatusdepotes00wycl_0218.png"; bbox 0 0 2078 3338; ppageno 0'>
   <div class='ocr_carea' id='block_1_1' title="bbox 260 254 1853 314">
    <p class='ocr_par' dir='ltr' id='par_1_1' title="bbox 260 254 1853 314">
     <span class='ocr_line' id='line_1_1' title="bbox 260 254 1853 314; baseline -0.009 -4"><span class='ocrx_word' id='word_1_1' title='bbox 260 271 273 298; x_wconf 89' lang='lat'>1</span> <span class='ocrx_word' id='word_1_2' title='bbox 284 260 336 310; x_wconf 83' lang='lat'>56</span> <span class='ocrx_word' id='word_1_3' title='bbox 983 268 1206 303; x_wconf 71' lang='lat' dir='ltr'>JOHANNIS</span> <span class='ocrx_word' id='word_1_4' title='bbox 1233 269 1418 302; x_wconf 61' lang='lat' dir='ltr'>wYan:</span> <span class='ocrx_word' id='word_1_5' title='bbox 1652 254 1759 314; x_wconf 58' lang='lat' dir='ltr'>[cm.</span> <span class='ocrx_word' id='word_1_6' title='bbox 1786 266 1853 296; x_wconf 85' lang='lat' dir='ltr'>vn.</span> 
     </span>
    </p>
   </div>
   <div class='ocr_carea' id='block_1_2' title="bbox 276 373 1859 567">
    <p class='ocr_par' dir='ltr' id='par_1_2' title="bbox 276 373 1859 567">
     <span class='ocr_line' id='line_1_2' title="bbox 539 373 1856 428; baseline 0.002 -15"><span class='ocrx_word' id='word_1_7' title='bbox 539 373 680 414; x_wconf 93' lang='lat' dir='ltr'>finem</span> <span class='ocrx_word' id='word_1_8' title='bbox 718 386 835 414; x_wconf 87' lang='lat' dir='ltr'>oves</span> <span class='ocrx_word' id='word_1_9' title='bbox 874 373 1076 428; x_wconf 84' lang='lat' dir='ltr'>diligens</span> <span class='ocrx_word' id='word_1_10' title='bbox 1115 375 1393 415; x_wconf 82' lang='lat' dir='ltr'>corroborat</span> <span class='ocrx_word' id='word_1_11' title='bbox 1429 375 1578 414; x_wconf 89' lang='lat' dir='ltr'>verbo</span> <span class='ocrx_word' id='word_1_12' title='bbox 1619 380 1666 415; x_wconf 90' lang='lat' dir='ltr'>et</span> <span class='ocrx_word' id='word_1_13' title='bbox 1709 387 1856 428; x_wconf 90' lang='lat' dir='ltr'>opere</span> 
     </span>
     <span class='ocr_line' id='line_1_3' title="bbox 539 443 1859 498; baseline 0.001 -15"><span class='ocrx_word' id='word_1_14' title='bbox 539 443 724 484; x_wconf 89' lang='lat' dir='ltr'>finalem</span> <span class='ocrx_word' id='word_1_15' title='bbox 768 443 946 484; x_wconf 91' lang='lat' dir='ltr'>docens</span> <span class='ocrx_word' id='word_1_16' title='bbox 989 443 1402 498; x_wconf 82' lang='lat' dir='ltr'>perseveranciam</span> <span class='ocrx_word' id='word_1_17' title='bbox 1443 443 1491 484; x_wconf 95' lang='lat' dir='ltr'>in</span> <span class='ocrx_word' id='word_1_18' title='bbox 1528 443 1714 486; x_wconf 87' lang='lat' dir='ltr'>virtute.</span> <span class='ocrx_word' id='word_1_19' title='bbox 1766 443 1859 497; x_wconf 77' lang='lat' dir='ltr'>Qui</span> 
     </span>
     <span class='ocr_line' id='line_1_4' title="bbox 276 512 1857 567; baseline 0.001 -15"><span class='ocrx_word' id='word_1_20' title='bbox 276 533 344 561; x_wconf 65' lang='lat' dir='ltr'>The</span> <span class='ocrx_word' id='word_1_21' title='bbox 363 533 501 561; x_wconf 60' lang='lat' dir='ltr'>vicarof</span> <span class='ocrx_word' id='word_1_22' title='bbox 539 512 686 566; x_wconf 87' lang='lat' dir='ltr'>igitur</span> <span class='ocrx_word' id='word_1_23' title='bbox 727 513 932 554; x_wconf 87' lang='lat' dir='ltr'>voluerit</span> <span class='ocrx_word' id='word_1_24' title='bbox 975 526 1083 554; x_wconf 89' lang='lat' dir='ltr'>esse</span> <span class='ocrx_word' id='word_1_25' title='bbox 1127 512 1301 555; x_wconf 83' lang='lat' dir='ltr'>Christi</span> <span class='ocrx_word' id='word_1_26' title='bbox 1344 514 1422 553; x_wconf 90' lang='lat' dir='ltr'>vel</span> <span class='ocrx_word' id='word_1_27' title='bbox 1463 513 1595 554; x_wconf 88' lang='lat' dir='ltr'>Petri</span> <span class='ocrx_word' id='word_1_28' title='bbox 1643 513 1857 567; x_wconf 87' lang='lat' dir='ltr'>vicarius,</span> 
     </span>
    </p>
   </div>
   <div class='ocr_carea' id='block_1_3' title="bbox 253 568 1860 638">
    <p class='ocr_par' dir='ltr' id='par_1_3' title="bbox 253 568 1860 638">
     <span class='ocr_line' id='line_1_5' title="bbox 253 568 1860 638; baseline -0.001 -14"><span class='ocrx_word' id='word_1_29' title='bbox 253 568 528 638; x_wconf 51' lang='grc' dir='ltr'>ἓῇὲξὲῑξὲξξῖἳῗὲὲ</span> <span class='ocrx_word' id='word_1_30' title='bbox 543 587 737 636; x_wconf 82' lang='lat' dir='ltr'>oportet</span> <span class='ocrx_word' id='word_1_31' title='bbox 778 588 830 623; x_wconf 85' lang='lat' dir='ltr'>ut</span> <span class='ocrx_word' id='word_1_32' title='bbox 872 583 931 623; x_wconf 90' lang='lat' dir='ltr'>ad</span> <span class='ocrx_word' id='word_1_33' title='bbox 966 583 1112 623; x_wconf 87' lang='lat' dir='ltr'>instar</span> <span class='ocrx_word' id='word_1_34' title='bbox 1152 596 1313 624; x_wconf 91' lang='lat' dir='ltr'>eorum</span> <span class='ocrx_word' id='word_1_35' title='bbox 1352 595 1414 622; x_wconf 81' lang='lat' dir='ltr'>ex</span> <span class='ocrx_word' id='word_1_36' title='bbox 1444 582 1597 623; x_wconf 89' lang='lat' dir='ltr'>animo</span> <span class='ocrx_word' id='word_1_37' title='bbox 1632 582 1773 623; x_wconf 86' lang='lat' dir='ltr'>faciat</span> <span class='ocrx_word' id='word_1_38' title='bbox 1804 583 1860 623; x_wconf 90' lang='lat' dir='ltr'>si-</span> 
     </span>
    </p>
   </div>
   <div class='ocr_carea' id='block_1_4' title="bbox 260 636 1892 707">
    <p class='ocr_par' dir='ltr' id='par_1_4' title="bbox 260 636 1892 707">
     <span class='ocr_line' id='line_1_6' title="bbox 260 636 1890 673; baseline -0.006 -8"><span class='ocrx_word' id='word_1_39' title='bbox 260 646 329 665; x_wconf 87' lang='lat' dir='ltr'>men</span> <span class='ocrx_word' id='word_1_40' title='bbox 349 642 381 665; x_wconf 90' lang='lat' dir='ltr'>to</span> <span class='ocrx_word' id='word_1_41' title='bbox 402 636 517 673; x_wconf 82' lang='lat' dir='ltr'>Christ,</span> <span class='ocrx_word' id='word_1_42' title='bbox 591 651 599 660; x_wconf 71' lang='grc'><em>·</em></span> <span class='ocrx_word' id='word_1_43' title='bbox 624 651 633 660; x_wconf 84' lang='lat'><strong>·</strong></span> <span class='ocrx_word' id='word_1_44' title='bbox 907 652 916 660; x_wconf 82' lang='lat'><strong>.</strong></span> <span class='ocrx_word' id='word_1_45' title='bbox 1000 652 1009 660; x_wconf 91' lang='lat'><strong><em>.</em></strong></span> <span class='ocrx_word' id='word_1_46' title='bbox 1064 652 1073 660; x_wconf 93' lang='lat'>.</span> <span class='ocrx_word' id='word_1_47' title='bbox 1206 652 1215 660; x_wconf 86' lang='lat'><strong>.</strong></span> <span class='ocrx_word' id='word_1_48' title='bbox 1879 655 1890 660; x_wconf 40' lang='lat'><em>⁷</em></span> 
     </span>
     <span class='ocr_line' id='line_1_7' title="bbox 290 652 1892 707; baseline -0.001 -13"><span class='ocrx_word' id='word_1_49' title='bbox 290 672 401 699; x_wconf 79' lang='lat' dir='ltr'>should</span> <span class='ocrx_word' id='word_1_50' title='bbox 423 672 492 707; x_wconf 84' lang='lat' dir='ltr'>help</span> <span class='ocrx_word' id='word_1_51' title='bbox 542 652 713 692; x_wconf 89' lang='lat' dir='ltr'>m111ter</span> <span class='ocrx_word' id='word_1_52' title='bbox 746 665 850 692; x_wconf 92' lang='lat' dir='ltr'>cum</span> <span class='ocrx_word' id='word_1_53' title='bbox 872 658 969 693; x_wconf 82' lang='lat' dir='ltr'>vita</span> <span class='ocrx_word' id='word_1_54' title='bbox 998 658 1248 693; x_wconf 85' lang='lat' dir='ltr'>1m1tator1a</span> <span class='ocrx_word' id='word_1_55' title='bbox 1280 657 1328 693; x_wconf 90' lang='lat' dir='ltr'>et</span> <span class='ocrx_word' id='word_1_56' title='bbox 1358 666 1454 692; x_wconf 92' lang='lat' dir='ltr'>non</span> <span class='ocrx_word' id='word_1_57' title='bbox 1484 653 1659 693; x_wconf 92' lang='lat' dir='ltr'>nudum</span> <span class='ocrx_word' id='word_1_58' title='bbox 1689 665 1892 692; x_wconf 67' lang='lat' dir='ltr'>nomenn</span> 
     </span>
    </p>
   </div>
   <div class='ocr_carea' id='block_1_5' title="bbox 270 706 1997 2657">
    <p class='ocr_par' dir='ltr' id='par_1_5' title="bbox 270 706 1997 2657">
     <span class='ocr_line' id='line_1_8' title="bbox 270 706 1860 780; baseline 0.001 -19"><span class='ocrx_word' id='word_1_59' title='bbox 270 706 510 780; x_wconf 47' lang='grc' dir='ltr'>ῒξξῃξξῑῑξῃῑῧὲἀ</span> <span class='ocrx_word' id='word_1_60' title='bbox 542 722 620 762; x_wconf 87' lang='lat' dir='ltr'>vel</span> <span class='ocrx_word' id='word_1_61' title='bbox 659 722 836 762; x_wconf 86' lang='lat' dir='ltr'>eleccio</span> <span class='ocrx_word' id='word_1_62' title='bbox 874 721 922 762; x_wconf 91' lang='lat' dir='ltr'>in</span> <span class='ocrx_word' id='word_1_63' title='bbox 959 722 1078 763; x_wconf 87' lang='lat' dir='ltr'>facie</span> <span class='ocrx_word' id='word_1_64' title='bbox 1118 721 1320 762; x_wconf 86' lang='lat' dir='ltr'>ecclesie</span> <span class='ocrx_word' id='word_1_65' title='bbox 1358 721 1471 762; x_wconf 89' lang='lat' dir='ltr'>facit</span> <span class='ocrx_word' id='word_1_66' title='bbox 1507 735 1691 775; x_wconf 90' lang='lat' dir='ltr'>papam.</span> <span class='ocrx_word' id='word_1_67' title='bbox 1750 721 1860 762; x_wconf 89' lang='lat' dir='ltr'>Pre-</span> 
     </span>
     <span class='ocr_line' id='line_1_9' title="bbox 335 776 1863 845; baseline 0.001 -14"><span class='ocrx_word' id='word_1_68' title='bbox 335 776 440 812; x_wconf 70' lang='lat' dir='ltr'>⁵¹⁶k¹y&#39;</span> <span class='ocrx_word' id='word_1_69' title='bbox 543 790 669 831; x_wconf 90' lang='lat' dir='ltr'>dicet</span> <span class='ocrx_word' id='word_1_70' title='bbox 716 791 861 845; x_wconf 85' lang='lat' dir='ltr'>igitur</span> <span class='ocrx_word' id='word_1_71' title='bbox 905 804 1010 832; x_wconf 92' lang='lat' dir='ltr'>cum</span> <span class='ocrx_word' id='word_1_72' title='bbox 1058 792 1293 845; x_wconf 77' lang='lat' dir='ltr'>apostolo,</span> <span class='ocrx_word' id='word_1_73' title='bbox 1347 791 1429 832; x_wconf 90' lang='lat' dir='ltr'>ubi</span> <span class='ocrx_word' id='word_1_74' title='bbox 1472 791 1736 832; x_wconf 87' lang='lat' dir='ltr'>nominatus</span> <span class='ocrx_word' id='word_1_75' title='bbox 1790 797 1863 832; x_wconf 81' lang='lat' dir='ltr'>est</span> 
     </span>
     <span class='ocr_line' id='line_1_10' title="bbox 544 859 1863 914; baseline 0.001 -14"><span class='ocrx_word' id='word_1_76' title='bbox 544 859 770 914; x_wconf 82' lang='lat' dir='ltr'>Christus,</span> <span class='ocrx_word' id='word_1_77' title='bbox 835 862 988 902; x_wconf 91' lang='lat' dir='ltr'>donec</span> <span class='ocrx_word' id='word_1_78' title='bbox 1044 861 1092 902; x_wconf 89' lang='lat' dir='ltr'>in</span> <span class='ocrx_word' id='word_1_79' title='bbox 1142 861 1269 902; x_wconf 85' lang='lat' dir='ltr'>vasis</span> <span class='ocrx_word' id='word_1_80' title='bbox 1330 861 1583 914; x_wconf 80' lang='lat' dir='ltr'>capacibus</span> <span class='ocrx_word' id='word_1_81' title='bbox 1635 861 1863 902; x_wconf 89' lang='lat' dir='ltr'>formetur</span> 
     </span>
     <span class='ocr_line' id='line_1_11' title="bbox 545 929 1864 985; baseline 0.001 -15"><span class='ocrx_word' id='word_1_82' title='bbox 545 929 756 971; x_wconf 88' lang='lat' dir='ltr'>Christus</span> <span class='ocrx_word' id='word_1_83' title='bbox 810 936 859 971; x_wconf 88' lang='lat' dir='ltr'>et</span> <span class='ocrx_word' id='word_1_84' title='bbox 901 937 1012 972; x_wconf 90' lang='lat' dir='ltr'>tunc</span> <span class='ocrx_word' id='word_1_85' title='bbox 1058 945 1119 972; x_wconf 80' lang='lat' dir='ltr'>ex</span> <span class='ocrx_word' id='word_1_86' title='bbox 1163 931 1458 984; x_wconf 88' lang='lat' dir='ltr'>quaternario</span> <span class='ocrx_word' id='word_1_87' title='bbox 1511 931 1864 985; x_wconf 86' lang='lat' dir='ltr'>evangeliorum</span> 
     </span>
     <span class='ocr_line' id='line_1_12' title="bbox 543 1000 1922 1053; baseline 0.001 -14"><span class='ocrx_word' id='word_1_88' title='bbox 543 1000 713 1041; x_wconf 84' lang='lat' dir='ltr'>format</span> <span class='ocrx_word' id='word_1_89' title='bbox 744 1000 1007 1042; x_wconf 90' lang='lat' dir='ltr'>ecclesiam.</span> <span class='ocrx_word' id='word_1_90' title='bbox 1053 1000 1275 1043; x_wconf 89' lang='lat' dir='ltr'>Secundo</span> <span class='ocrx_word' id='word_1_91' title='bbox 1308 1000 1453 1053; x_wconf 81' lang='lat' dir='ltr'>lapsis</span> <span class='ocrx_word' id='word_1_92' title='bbox 1487 1000 1733 1041; x_wconf 85' lang='lat' dir='ltr'>conversis</span> <span class='ocrx_word' id='word_1_93' title='bbox 1765 1000 1864 1041; x_wconf 88' lang='lat' dir='ltr'>suis</span> <span class='ocrx_word' id='word_1_94' title='bbox 1884 1012 1922 1034; x_wconf 92' lang='lat'>10</span> 
     </span>
     <span class='ocr_line' id='line_1_13' title="bbox 545 1069 1865 1124; baseline 0.001 -15"><span class='ocrx_word' id='word_1_95' title='bbox 545 1070 628 1110; x_wconf 91' lang='lat' dir='ltr'>det</span> <span class='ocrx_word' id='word_1_96' title='bbox 658 1069 854 1110; x_wconf 90' lang='lat' dir='ltr'>animam</span> <span class='ocrx_word' id='word_1_97' title='bbox 887 1071 1132 1124; x_wconf 87' lang='lat' dir='ltr'>complens</span> <span class='ocrx_word' id='word_1_98' title='bbox 1156 1069 1564 1124; x_wconf 81' lang='lat' dir='ltr'>quadragesimam</span> <span class='ocrx_word' id='word_1_99' title='bbox 1594 1070 1865 1123; x_wconf 82' lang='lat' dir='ltr'>penitencie</span> 
     </span>
     <span class='ocr_line' id='line_1_14' title="bbox 543 1139 1865 1193; baseline 0.001 -14"><span class='ocrx_word' id='word_1_100' title='bbox 543 1152 631 1193; x_wconf 90' lang='lat' dir='ltr'>pro</span> <span class='ocrx_word' id='word_1_101' title='bbox 678 1140 850 1180; x_wconf 90' lang='lat' dir='ltr'>ovibus</span> <span class='ocrx_word' id='word_1_102' title='bbox 893 1140 1217 1187; x_wconf 87' lang='lat' dir='ltr'>reformandis,</span> <span class='ocrx_word' id='word_1_103' title='bbox 1267 1139 1413 1181; x_wconf 88' lang='lat' dir='ltr'>tercio</span> <span class='ocrx_word' id='word_1_104' title='bbox 1457 1139 1752 1193; x_wconf 89' lang='lat' dir='ltr'>implorando</span> <span class='ocrx_word' id='word_1_105' title='bbox 1798 1139 1865 1180; x_wconf 88' lang='lat' dir='ltr'>eis</span> 
     </span>
     <span class='ocr_line' id='line_1_15' title="bbox 546 1207 1864 1264; baseline 0 -14"><span class='ocrx_word' id='word_1_106' title='bbox 546 1207 772 1262; x_wconf 87' lang='lat' dir='ltr'>Spiritum</span> <span class='ocrx_word' id='word_1_107' title='bbox 795 1208 1018 1251; x_wconf 88' lang='lat' dir='ltr'>Sanctum</span> <span class='ocrx_word' id='word_1_108' title='bbox 1040 1210 1253 1264; x_wconf 89' lang='lat' dir='ltr'>imponat</span> <span class='ocrx_word' id='word_1_109' title='bbox 1280 1210 1347 1250; x_wconf 89' lang='lat' dir='ltr'>eis</span> <span class='ocrx_word' id='word_1_110' title='bbox 1376 1219 1538 1250; x_wconf 88' lang='lat' dir='ltr'>manus</span> <span class='ocrx_word' id='word_1_111' title='bbox 1562 1209 1864 1262; x_wconf 78' lang='lat' dir='ltr'>operatrices,</span> 
     </span>
     <span class='ocr_line' id='line_1_16' title="bbox 547 1279 1867 1331; baseline 0 -12"><span class='ocrx_word' id='word_1_112' title='bbox 547 1292 664 1319; x_wconf 88' lang='lat' dir='ltr'>oves</span> <span class='ocrx_word' id='word_1_113' title='bbox 696 1279 935 1320; x_wconf 88' lang='lat' dir='ltr'>morbidas</span> <span class='ocrx_word' id='word_1_114' title='bbox 969 1280 1301 1331; x_wconf 87' lang='lat' dir='ltr'>confirmando,</span> <span class='ocrx_word' id='word_1_115' title='bbox 1344 1279 1563 1319; x_wconf 87' lang='lat' dir='ltr'>recolens</span> <span class='ocrx_word' id='word_1_116' title='bbox 1593 1279 1709 1319; x_wconf 88' lang='lat' dir='ltr'>illud</span> <span class='ocrx_word' id='word_1_117' title='bbox 1739 1279 1867 1319; x_wconf 91' lang='lat' dir='ltr'>Luce</span> 
     </span>
     <span class='ocr_line' id='line_1_17' title="bbox 547 1348 1924 1403; baseline 0.001 -15"><span class='ocrx_word' id='word_1_118' title='bbox 547 1348 700 1389; x_wconf 89' lang='lat' dir='ltr'>XXII</span> <span class='ocrx_word' id='word_1_119' title='bbox 724 1362 824 1403; x_wconf 89' lang='lat' dir='ltr'>cap.</span> <span class='ocrx_word' id='word_1_120' title='bbox 850 1363 901 1402; x_wconf 84' lang='lat'>32</span> <span class='ocrx_word' id='word_1_121' title='bbox 927 1349 1103 1390; x_wconf 89' lang='lat' dir='ltr'>dictum</span> <span class='ocrx_word' id='word_1_122' title='bbox 1124 1350 1293 1391; x_wconf 85' lang='lat' dir='ltr'>Petro:</span> <span class='ocrx_word' id='word_1_123' title='bbox 1326 1349 1382 1390; x_wconf 84' lang='lat' dir='ltr'>Et</span> <span class='ocrx_word' id='word_1_124' title='bbox 1401 1353 1450 1389; x_wconf 75' lang='lat' dir='ltr'>tu</span> <span class='ocrx_word' id='word_1_125' title='bbox 1481 1349 1727 1401; x_wconf 73' lang='lat' dir='ltr'>aliquando</span> <span class='ocrx_word' id='word_1_126' title='bbox 1760 1361 1866 1389; x_wconf 80' lang='lat' dir='ltr'>con-</span> <span class='ocrx_word' id='word_1_127' title='bbox 1889 1349 1924 1382; x_wconf 84' lang='lat'>15</span> 
     </span>
     <span class='ocr_line' id='line_1_18' title="bbox 547 1416 1864 1472; baseline -0.002 -13"><span class='ocrx_word' id='word_1_128' title='bbox 547 1431 704 1459; x_wconf 77' lang='lat' dir='ltr'>versus</span> <span class='ocrx_word' id='word_1_129' title='bbox 735 1420 963 1471; x_wconf 75' lang='lat' dir='ltr'>confirma</span> <span class='ocrx_word' id='word_1_130' title='bbox 989 1420 1174 1472; x_wconf 74' lang='lat' dir='ltr'>fratres</span> <span class='ocrx_word' id='word_1_131' title='bbox 1203 1423 1315 1460; x_wconf 81' lang='lat' dir='ltr'>tuos.</span> <span class='ocrx_word' id='word_1_132' title='bbox 1347 1418 1488 1460; x_wconf 89' lang='lat' dir='ltr'>Unde</span> <span class='ocrx_word' id='word_1_133' title='bbox 1519 1418 1626 1459; x_wconf 88' lang='lat' dir='ltr'>Act.</span> <span class='ocrx_word' id='word_1_134' title='bbox 1648 1416 1783 1472; x_wconf 88' lang='lat' dir='ltr'>VIII,</span> <span class='ocrx_word' id='word_1_135' title='bbox 1819 1431 1864 1470; x_wconf 95' lang='lat'>17</span> 
     </span>
     <span class='ocr_line' id='line_1_19' title="bbox 547 1488 1870 1542; baseline 0 -14"><span class='ocrx_word' id='word_1_136' title='bbox 547 1488 721 1542; x_wconf 84' lang='lat' dir='ltr'>legitur</span> <span class='ocrx_word' id='word_1_137' title='bbox 776 1490 905 1542; x_wconf 90' lang='lat' dir='ltr'>quod</span> <span class='ocrx_word' id='word_1_138' title='bbox 947 1488 1119 1530; x_wconf 89' lang='lat' dir='ltr'>Petrus</span> <span class='ocrx_word' id='word_1_139' title='bbox 1168 1489 1487 1530; x_wconf 86' lang='lat' dir='ltr'>confirmando</span> <span class='ocrx_word' id='word_1_140' title='bbox 1538 1488 1757 1541; x_wconf 77' lang='lat' dir='ltr'>imposuit</span> <span class='ocrx_word' id='word_1_141' title='bbox 1806 1488 1870 1529; x_wconf 81' lang='lat' dir='ltr'>eis</span> 
     </span>
     <span class='ocr_line' id='line_1_20' title="bbox 548 1557 1868 1612; baseline -0.002 -13"><span class='ocrx_word' id='word_1_142' title='bbox 548 1570 728 1599; x_wconf 78' lang='lat' dir='ltr'>manus.</span> <span class='ocrx_word' id='word_1_143' title='bbox 759 1558 822 1599; x_wconf 89' lang='lat' dir='ltr'>Et</span> <span class='ocrx_word' id='word_1_144' title='bbox 853 1564 1021 1612; x_wconf 88' lang='lat' dir='ltr'>quarto</span> <span class='ocrx_word' id='word_1_145' title='bbox 1053 1559 1253 1600; x_wconf 89' lang='lat' dir='ltr'>reducat</span> <span class='ocrx_word' id='word_1_146' title='bbox 1284 1572 1401 1599; x_wconf 90' lang='lat' dir='ltr'>oves</span> <span class='ocrx_word' id='word_1_147' title='bbox 1424 1559 1484 1599; x_wconf 88' lang='lat' dir='ltr'>ad</span> <span class='ocrx_word' id='word_1_148' title='bbox 1505 1557 1868 1599; x_wconf 82' lang='lat' dir='ltr'>stabilimentum</span> 
     </span>
     <span class='ocr_line' id='line_1_21' title="bbox 550 1625 1867 1682; baseline -0.002 -14"><span class='ocrx_word' id='word_1_149' title='bbox 550 1628 658 1668; x_wconf 92' lang='lat' dir='ltr'>cubi</span> <span class='ocrx_word' id='word_1_150' title='bbox 690 1641 832 1682; x_wconf 89' lang='lat' dir='ltr'>supra</span> <span class='ocrx_word' id='word_1_151' title='bbox 862 1634 1045 1682; x_wconf 87' lang='lat' dir='ltr'>petram</span> <span class='ocrx_word' id='word_1_152' title='bbox 1066 1629 1243 1670; x_wconf 88' lang='lat' dir='ltr'>firmam</span> <span class='ocrx_word' id='word_1_153' title='bbox 1266 1628 1626 1682; x_wconf 87' lang='lat' dir='ltr'>quomodolibet</span> <span class='ocrx_word' id='word_1_154' title='bbox 1651 1625 1867 1681; x_wconf 90' lang='lat' dir='ltr'>proiecti,</span> 
     </span>
     <span class='ocr_line' id='line_1_22' title="bbox 550 1697 1926 1753; baseline -0.001 -15"><span class='ocrx_word' id='word_1_155' title='bbox 550 1698 718 1739; x_wconf 85' lang='lat' dir='ltr'>stantis</span> <span class='ocrx_word' id='word_1_156' title='bbox 761 1698 864 1739; x_wconf 90' lang='lat' dir='ltr'>sine</span> <span class='ocrx_word' id='word_1_157' title='bbox 906 1699 1145 1753; x_wconf 86' lang='lat' dir='ltr'>vituperio</span> <span class='ocrx_word' id='word_1_158' title='bbox 1190 1698 1361 1752; x_wconf 83' lang='lat' dir='ltr'>anguli.</span> <span class='ocrx_word' id='word_1_159' title='bbox 1407 1697 1549 1751; x_wconf 75' lang='lat' dir='ltr'>Quod</span> <span class='ocrx_word' id='word_1_160' title='bbox 1591 1697 1631 1738; x_wconf 90' lang='lat' dir='ltr'>si</span> <span class='ocrx_word' id='word_1_161' title='bbox 1669 1701 1869 1750; x_wconf 85' lang='lat' dir='ltr'>quatuor</span> <span class='ocrx_word' id='word_1_162' title='bbox 1884 1706 1926 1728; x_wconf 88' lang='lat'>20</span> 
     </span>
     <span class='ocr_line' id='line_1_23' title="bbox 549 1766 1868 1822; baseline -0.002 -14"><span class='ocrx_word' id='word_1_163' title='bbox 549 1767 804 1809; x_wconf 87' lang='lat' dir='ltr'>virtutibus</span> <span class='ocrx_word' id='word_1_164' title='bbox 849 1769 1161 1809; x_wconf 89' lang='lat' dir='ltr'>cardinalibus</span> <span class='ocrx_word' id='word_1_165' title='bbox 1211 1774 1446 1822; x_wconf 90' lang='lat' dir='ltr'>tamquam</span> <span class='ocrx_word' id='word_1_166' title='bbox 1489 1772 1690 1821; x_wconf 88' lang='lat' dir='ltr'>quatuor</span> <span class='ocrx_word' id='word_1_167' title='bbox 1737 1766 1868 1820; x_wconf 86' lang='lat' dir='ltr'>equis</span> 
     </span>
     <span class='ocr_line' id='line_1_24' title="bbox 550 1836 1868 1891; baseline -0.001 -14"><span class='ocrx_word' id='word_1_168' title='bbox 550 1836 926 1891; x_wconf 89' lang='lat' dir='ltr'>superficialibus</span> <span class='ocrx_word' id='word_1_169' title='bbox 957 1838 1229 1879; x_wconf 90' lang='lat' dir='ltr'>lateralibus</span> <span class='ocrx_word' id='word_1_170' title='bbox 1261 1839 1499 1880; x_wconf 87' lang='lat' dir='ltr'>substrata</span> <span class='ocrx_word' id='word_1_171' title='bbox 1528 1836 1588 1877; x_wconf 87' lang='lat' dir='ltr'>sit</span> <span class='ocrx_word' id='word_1_172' title='bbox 1616 1849 1737 1890; x_wconf 91' lang='lat' dir='ltr'>equa</span> <span class='ocrx_word' id='word_1_173' title='bbox 1759 1849 1868 1890; x_wconf 91' lang='lat' dir='ltr'>ope-</span> 
     </span>
     <span class='ocr_line' id='line_1_25' title="bbox 549 1906 1869 1961; baseline -0.002 -14"><span class='ocrx_word' id='word_1_174' title='bbox 549 1907 674 1947; x_wconf 88' lang='lat' dir='ltr'>racio</span> <span class='ocrx_word' id='word_1_175' title='bbox 700 1912 748 1947; x_wconf 89' lang='lat' dir='ltr'>et</span> <span class='ocrx_word' id='word_1_176' title='bbox 770 1908 1022 1961; x_wconf 90' lang='lat' dir='ltr'>supposita</span> <span class='ocrx_word' id='word_1_177' title='bbox 1043 1908 1267 1949; x_wconf 89' lang='lat' dir='ltr'>virtutum</span> <span class='ocrx_word' id='word_1_178' title='bbox 1290 1906 1586 1948; x_wconf 88' lang='lat' dir='ltr'>continuacio</span> <span class='ocrx_word' id='word_1_179' title='bbox 1609 1906 1869 1947; x_wconf 89' lang='lat' dir='ltr'>secundum</span> 
     </span>
     <span class='ocr_line' id='line_1_26' title="bbox 552 1974 1869 2032; baseline -0.002 -15"><span class='ocrx_word' id='word_1_180' title='bbox 552 1976 900 2018; x_wconf 86' lang='lat' dir='ltr'>similitudinem</span> <span class='ocrx_word' id='word_1_181' title='bbox 951 1983 1135 2032; x_wconf 87' lang='lat' dir='ltr'>captam</span> <span class='ocrx_word' id='word_1_182' title='bbox 1187 1991 1249 2018; x_wconf 81' lang='lat' dir='ltr'>ex</span> <span class='ocrx_word' id='word_1_183' title='bbox 1293 1976 1519 2031; x_wconf 90' lang='lat' dir='ltr'>operibus</span> <span class='ocrx_word' id='word_1_184' title='bbox 1570 1974 1869 2029; x_wconf 78' lang='lat' dir='ltr'>presidentis,</span> 
     </span>
     <span class='ocr_line' id='line_1_27' title="bbox 552 2045 1927 2101; baseline -0.002 -14"><span class='ocrx_word' id='word_1_185' title='bbox 552 2052 664 2087; x_wconf 90' lang='lat' dir='ltr'>tunc</span> <span class='ocrx_word' id='word_1_186' title='bbox 688 2046 810 2087; x_wconf 90' lang='lat' dir='ltr'>enim</span> <span class='ocrx_word' id='word_1_187' title='bbox 822 2047 1075 2088; x_wconf 87' lang='lat' dir='ltr'>vendicare</span> <span class='ocrx_word' id='word_1_188' title='bbox 1097 2053 1262 2101; x_wconf 89' lang='lat' dir='ltr'>potest</span> <span class='ocrx_word' id='word_1_189' title='bbox 1285 2060 1347 2088; x_wconf 81' lang='lat' dir='ltr'>ex</span> <span class='ocrx_word' id='word_1_190' title='bbox 1363 2047 1525 2087; x_wconf 81' lang='lat' dir='ltr'>debito</span> <span class='ocrx_word' id='word_1_191' title='bbox 1548 2046 1704 2086; x_wconf 90' lang='lat' dir='ltr'>locum</span> <span class='ocrx_word' id='word_1_192' title='bbox 1725 2045 1869 2086; x_wconf 88' lang='lat' dir='ltr'>Petri.</span> <span class='ocrx_word' id='word_1_193' title='bbox 1887 2045 1927 2077; x_wconf 85' lang='lat'>25</span> 
     </span>
     <span class='ocr_line' id='line_1_28' title="bbox 294 2113 1870 2176; baseline -0.002 -20"><span class='ocrx_word' id='word_1_194' title='bbox 294 2113 463 2176; x_wconf 51' lang='lat' dir='ltr'>belfgvtffiffr</span> <span class='ocrx_word' id='word_1_195' title='bbox 482 2152 511 2175; x_wconf 83' lang='lat' dir='ltr'>at</span> <span class='ocrx_word' id='word_1_196' title='bbox 610 2116 704 2156; x_wconf 88' lang='lat' dir='ltr'>Per</span> <span class='ocrx_word' id='word_1_197' title='bbox 733 2116 821 2157; x_wconf 86' lang='lat' dir='ltr'>hec</span> <span class='ocrx_word' id='word_1_198' title='bbox 852 2123 987 2170; x_wconf 86' lang='lat' dir='ltr'>patet</span> <span class='ocrx_word' id='word_1_199' title='bbox 1016 2117 1268 2171; x_wconf 91' lang='lat' dir='ltr'>responsio</span> <span class='ocrx_word' id='word_1_200' title='bbox 1301 2117 1363 2156; x_wconf 92' lang='lat' dir='ltr'>ad</span> <span class='ocrx_word' id='word_1_201' title='bbox 1394 2115 1659 2169; x_wconf 87' lang='lat' dir='ltr'>septimum,</span> <span class='ocrx_word' id='word_1_202' title='bbox 1695 2114 1744 2154; x_wconf 93' lang='lat' dir='ltr'>in</span> <span class='ocrx_word' id='word_1_203' title='bbox 1775 2126 1870 2167; x_wconf 92' lang='lat' dir='ltr'>quo</span> 
     </span>
     <span class='ocr_line' id='line_1_29' title="bbox 281 2182 1878 2246; baseline -0.002 -20"><span class='ocrx_word' id='word_1_204' title='bbox 281 2183 525 2246; x_wconf 41' lang='lat' dir='ltr'>thferffl‘ffigssft</span> <span class='ocrx_word' id='word_1_205' title='bbox 552 2186 784 2239; x_wconf 86' lang='lat' dir='ltr'>probatur</span> <span class='ocrx_word' id='word_1_206' title='bbox 819 2186 1168 2239; x_wconf 88' lang='lat' dir='ltr'>preeminencia</span> <span class='ocrx_word' id='word_1_207' title='bbox 1198 2185 1330 2226; x_wconf 89' lang='lat' dir='ltr'>Petri</span> <span class='ocrx_word' id='word_1_208' title='bbox 1366 2199 1454 2239; x_wconf 90' lang='lat' dir='ltr'>per</span> <span class='ocrx_word' id='word_1_209' title='bbox 1482 2185 1598 2225; x_wconf 91' lang='lat' dir='ltr'>illud</span> <span class='ocrx_word' id='word_1_210' title='bbox 1629 2187 1730 2226; x_wconf 93' lang='lat' dir='ltr'>Act.</span> <span class='ocrx_word' id='word_1_211' title='bbox 1762 2182 1878 2234; x_wconf 67' lang='lat' dir='ltr'>XV,</span> 
     </span>
     <span class='ocr_line' id='line_1_30' title="bbox 555 2253 1872 2309; baseline -0.004 -13"><span class='ocrx_word' id='word_1_212' title='bbox 555 2257 685 2309; x_wconf 88' lang='lat' dir='ltr'>quod</span> <span class='ocrx_word' id='word_1_213' title='bbox 720 2255 892 2296; x_wconf 85' lang='lat' dir='ltr'>Petrus</span> <span class='ocrx_word' id='word_1_214' title='bbox 934 2255 1169 2296; x_wconf 89' lang='lat' dir='ltr'>humiliter</span> <span class='ocrx_word' id='word_1_215' title='bbox 1212 2268 1263 2295; x_wconf 93' lang='lat' dir='ltr'>se</span> <span class='ocrx_word' id='word_1_216' title='bbox 1306 2253 1504 2308; x_wconf 86' lang='lat' dir='ltr'>pretulit</span> <span class='ocrx_word' id='word_1_217' title='bbox 1548 2254 1606 2293; x_wconf 91' lang='lat' dir='ltr'>ad</span> <span class='ocrx_word' id='word_1_218' title='bbox 1648 2254 1872 2294; x_wconf 89' lang='lat' dir='ltr'>laborem.</span> 
     </span>
     <span class='ocr_line' id='line_1_31' title="bbox 553 2322 1872 2378; baseline -0.004 -12"><span class='ocrx_word' id='word_1_219' title='bbox 553 2325 663 2366; x_wconf 91' lang='lat' dir='ltr'>Non</span> <span class='ocrx_word' id='word_1_220' title='bbox 694 2325 781 2366; x_wconf 89' lang='lat' dir='ltr'>fuit</span> <span class='ocrx_word' id='word_1_221' title='bbox 811 2330 923 2366; x_wconf 90' lang='lat' dir='ltr'>tunc</span> <span class='ocrx_word' id='word_1_222' title='bbox 944 2325 1067 2365; x_wconf 90' lang='lat' dir='ltr'>inter</span> <span class='ocrx_word' id='word_1_223' title='bbox 1089 2324 1336 2378; x_wconf 90' lang='lat' dir='ltr'>apostolos</span> <span class='ocrx_word' id='word_1_224' title='bbox 1359 2323 1419 2363; x_wconf 90' lang='lat' dir='ltr'>de</span> <span class='ocrx_word' id='word_1_225' title='bbox 1441 2322 1744 2377; x_wconf 90' lang='lat' dir='ltr'>prepositura</span> <span class='ocrx_word' id='word_1_226' title='bbox 1766 2333 1872 2362; x_wconf 88' lang='lat' dir='ltr'>con-</span> 
     </span>
     <span class='ocr_line' id='line_1_32' title="bbox 554 2389 1933 2448; baseline -0.004 -13"><span class='ocrx_word' id='word_1_227' title='bbox 554 2394 727 2448; x_wconf 71' lang='lat' dir='ltr'>tencio,</span> <span class='ocrx_word' id='word_1_228' title='bbox 766 2395 851 2436; x_wconf 89' lang='lat' dir='ltr'>sed</span> <span class='ocrx_word' id='word_1_229' title='bbox 891 2396 1121 2448; x_wconf 81' lang='lat' dir='ltr'>octuplex</span> <span class='ocrx_word' id='word_1_230' title='bbox 1151 2407 1264 2434; x_wconf 83' lang='lat' dir='ltr'>vera</span> <span class='ocrx_word' id='word_1_231' title='bbox 1299 2392 1531 2433; x_wconf 88' lang='lat' dir='ltr'>humilitas</span> <span class='ocrx_word' id='word_1_232' title='bbox 1568 2389 1874 2432; x_wconf 87' lang='lat' dir='ltr'>necessitavit</span> <span class='ocrx_word' id='word_1_233' title='bbox 1890 2395 1933 2427; x_wconf 83' lang='lat'>30</span> 
     </span>
     <span class='ocr_line' id='line_1_33' title="bbox 554 2461 1875 2518; baseline -0.004 -13"><span class='ocrx_word' id='word_1_234' title='bbox 554 2464 749 2505; x_wconf 87' lang='lat' dir='ltr'>Petrum</span> <span class='ocrx_word' id='word_1_235' title='bbox 792 2464 1089 2518; x_wconf 88' lang='lat' dir='ltr'>respondere</span> <span class='ocrx_word' id='word_1_236' title='bbox 1134 2476 1222 2517; x_wconf 88' lang='lat' dir='ltr'>pre</span> <span class='ocrx_word' id='word_1_237' title='bbox 1266 2462 1380 2503; x_wconf 91' lang='lat' dir='ltr'>aliis.</span> <span class='ocrx_word' id='word_1_238' title='bbox 1432 2462 1494 2502; x_wconf 88' lang='lat' dir='ltr'>Et</span> <span class='ocrx_word' id='word_1_239' title='bbox 1530 2461 1706 2502; x_wconf 92' lang='lat' dir='ltr'>utinam</span> <span class='ocrx_word' id='word_1_240' title='bbox 1748 2472 1875 2514; x_wconf 85' lang='lat' dir='ltr'>papa</span> 
     </span>
     <span class='ocr_line' id='line_1_34' title="bbox 554 2527 1997 2585; baseline -0.007 -10"><span class='ocrx_word' id='word_1_241' title='bbox 554 2534 810 2575; x_wconf 89' lang='lat' dir='ltr'>modernus</span> <span class='ocrx_word' id='word_1_242' title='bbox 837 2534 985 2575; x_wconf 88' lang='lat' dir='ltr'>vellet</span> <span class='ocrx_word' id='word_1_243' title='bbox 1016 2545 1245 2574; x_wconf 82' lang='lat' dir='ltr'>exercere</span> <span class='ocrx_word' id='word_1_244' title='bbox 1275 2532 1398 2573; x_wconf 89' lang='lat' dir='ltr'>illam</span> <span class='ocrx_word' id='word_1_245' title='bbox 1431 2532 1611 2572; x_wconf 86' lang='lat' dir='ltr'>clavem</span> <span class='ocrx_word' id='word_1_246' title='bbox 1638 2528 1643 2585; x_wconf 89' lang='grc' dir='ltr'>Ι</span> <span class='ocrx_word' id='word_1_247' title='bbox 1671 2527 1876 2571; x_wconf 87' lang='lat' dir='ltr'>sciencie</span> <span class='ocrx_word' id='word_1_248' title='bbox 1916 2536 1997 2565; x_wconf 68' lang='lat'>200⁸</span> 
     </span>
     <span class='ocr_line' id='line_1_35' title="bbox 554 2598 1874 2657; baseline -0.005 -12"><span class='ocrx_word' id='word_1_249' title='bbox 554 2603 666 2644; x_wconf 87' lang='lat' dir='ltr'>fidei</span> <span class='ocrx_word' id='word_1_250' title='bbox 693 2603 841 2645; x_wconf 86' lang='lat' dir='ltr'>instar</span> <span class='ocrx_word' id='word_1_251' title='bbox 871 2603 1013 2657; x_wconf 87' lang='lat' dir='ltr'>Petri,</span> <span class='ocrx_word' id='word_1_252' title='bbox 1060 2609 1173 2644; x_wconf 88' lang='lat' dir='ltr'>tunc</span> <span class='ocrx_word' id='word_1_253' title='bbox 1219 2602 1342 2643; x_wconf 88' lang='lat' dir='ltr'>enim</span> <span class='ocrx_word' id='word_1_254' title='bbox 1372 2615 1468 2643; x_wconf 93' lang='lat' dir='ltr'>non</span> <span class='ocrx_word' id='word_1_255' title='bbox 1505 2604 1758 2655; x_wconf 88' lang='lat' dir='ltr'>temptaret</span> <span class='ocrx_word' id='word_1_256' title='bbox 1798 2598 1874 2639; x_wconf 90' lang='lat' dir='ltr'>im-</span> 
     </span>
    </p>
   </div>
   <div class='ocr_carea' id='block_1_6' title="bbox 557 2771 1874 2858">
    <p class='ocr_par' dir='ltr' id='par_1_6' title="bbox 557 2771 1874 2858">
     <span class='ocr_line' id='line_1_36' title="bbox 626 2771 1874 2809; baseline -0.006 -5"><span class='ocrx_word' id='word_1_257' title='bbox 626 2783 654 2804; x_wconf 85' lang='lat'>2.</span> <span class='ocrx_word' id='word_1_258' title='bbox 675 2775 729 2804; x_wconf 88' lang='lat' dir='ltr'>AB</span> <span class='ocrx_word' id='word_1_259' title='bbox 748 2774 780 2802; x_wconf 92' lang='lat' dir='ltr'>in</span> <span class='ocrx_word' id='word_1_260' title='bbox 801 2782 916 2809; x_wconf 82' lang='lat' dir='ltr'>marg.:</span> <span class='ocrx_word' id='word_1_261' title='bbox 938 2773 1076 2803; x_wconf 81' lang='lat' dir='ltr'>Vicarius</span> <span class='ocrx_word' id='word_1_262' title='bbox 1096 2772 1215 2802; x_wconf 80' lang='lat' dir='ltr'>Christi</span> <span class='ocrx_word' id='word_1_263' title='bbox 1231 2780 1321 2801; x_wconf 83' lang='lat' dir='ltr'>verus</span> <span class='ocrx_word' id='word_1_264' title='bbox 1339 2773 1442 2808; x_wconf 82' lang='lat' dir='ltr'>qualis</span> <span class='ocrx_word' id='word_1_265' title='bbox 1460 2775 1513 2800; x_wconf 81' lang='lat' dir='ltr'>est.</span> <span class='ocrx_word' id='word_1_266' title='bbox 1589 2771 1636 2800; x_wconf 86' lang='lat'>26.</span> <span class='ocrx_word' id='word_1_267' title='bbox 1659 2774 1688 2798; x_wconf 91' lang='lat' dir='ltr'><strong>A</strong></span> <span class='ocrx_word' id='word_1_268' title='bbox 1707 2771 1737 2798; x_wconf 89' lang='lat' dir='ltr'>in</span> <span class='ocrx_word' id='word_1_269' title='bbox 1761 2777 1874 2805; x_wconf 62' lang='lat' dir='ltr'>marg:</span> 
     </span>
     <span class='ocr_line' id='line_1_37' title="bbox 557 2822 652 2858; baseline 0.011 -9"><span class='ocrx_word' id='word_1_270' title='bbox 557 2822 604 2849; x_wconf 85' lang='lat' dir='ltr'>Ad</span> <span class='ocrx_word' id='word_1_271' title='bbox 625 2831 652 2858; x_wconf 88' lang='lat'>7.</span> 
     </span>
    </p>
   </div>
   <div class='ocr_carea' id='block_1_7' title="bbox 626 2893 1131 2936">
    <p class='ocr_par' dir='ltr' id='par_1_7' title="bbox 626 2893 1131 2936">
     <span class='ocr_line' id='line_1_38' title="bbox 626 2893 1131 2936; baseline -0.002 -10"><span class='ocrx_word' id='word_1_272' title='bbox 626 2894 737 2936; x_wconf 84' lang='lat'><strong>6.-——-7.</strong></span> <span class='ocrx_word' id='word_1_273' title='bbox 767 2893 819 2927; x_wconf 93' lang='lat' dir='ltr'>Cf.</span> <span class='ocrx_word' id='word_1_274' title='bbox 846 2894 948 2926; x_wconf 86' lang='lat' dir='ltr'>Rom.</span> <span class='ocrx_word' id='word_1_275' title='bbox 975 2894 1048 2933; x_wconf 88' lang='lat' dir='ltr'>XV,</span> <span class='ocrx_word' id='word_1_276' title='bbox 1079 2903 1131 2925; x_wconf 84' lang='lat'>20.</span> 
     </span>
    </p>
   </div>
  </div>
 </body>
</html>
