2078 3338
178 276 268 305 CAP.
289 268 358 320 x1.]
574 279 633 310 DE
661 279 938 310 POTESTATE
973 279 1099 310 ΡΑΡΕ.
1703 284 1779 320 301

177 384 303 425 foret
333 383 603 434 subsidium,
656 383 785 436 quod
833 396 958 436 papa
1009 383 1243 424 subtrahit
1286 384 1494 437 populus

176 453 303 494 licite
358 459 406 493 et
455 452 694 493 laboriose
745 451 1064 506 prosequitur.
1133 452 1291 505 Quare
1350 452 1496 508 igitur

177 536 269 563 non
321 523 627 576 prosequitur
679 527 842 562 contra
903 535 1076 576 papam
1144 521 1496 575 correptibilem

177 592 369 633 fratrem
400 593 638 633 nostrum?
670 592 732 632 Et
761 591 851 632 ista
877 592 1066 632 videtur
1098 592 1340 633 sentencia
1369 591 1497 632 beati

144 666 160 697 5
179 661 564 715 Gregoriiposita
585 659 755 701 XCIX
781 660 1105 702 distinceione:
1138 661 1260 712 Ecce,
1289 661 1370 701 ubi
1391 674 1494 714 pre·
1543 670 1693 707 Example
1713 673 1744 700 ot

180 731 308 784 cepit
340 730 543 784 Eulogio
580 730 847 784 patriarche
880 730 1205 772 Alexandrino
1241 731 1369 784 quod
1401 743 1496 770 non
1509 706 1582 768 wlsssi
1600 706 1779 769 ξ’ἔιῗῗὲΐὲὸι

176 806 319 841 vocet
363 814 468 841 eum
513 800 709 854 amplius
748 814 927 854 papam
976 801 1302 842 ‘ztuz‘versalem.·
1354 800 1494 851 Vobis,
1563 777 1721 839 ιῗπῗῑῗέτηεῖιῗ

174 870 339 924 inquit,
382 871 665 910 subtrahitur
707 871 824 922 quod
868 871 1002 910 alteri
1038 871 1148 923 plus
1183 882 1322 922 quam
1367 870 1493 910 racio
1599 855 1690 882 pope'

176 940 310 991 exigit
334 940 561 991 prebetur,
594 948 671 991 ego
703 952 808 980 vero
840 952 928 980 uou
960 940 1107 980 verbis
1137 952 1272 991 quero
1298 951 1493 991 prospe-

121 1009 280 1049 xorari
321 1010 400 1049 secl
454 1009 671 1062 moribus,
721 1021 800 1049 uec
840 1010 1056 1049 honorem
1101 1021 1193 1050 esse
1235 1010 1397 1061 deputo
1446 1009 1494 1048 iu

175 1091 259 1130 quo
270 1078 454 1130 fratres
474 1081 653 1119 uostros
672 1079 887 1119 honorem
906 1091 1042 1119 suum
1058 1080 1251 1131 perdere
1268 1086 1494 1131 ‘coguosco

175 1147 307 1188 Meus
337 1160 532 1200 uamque
564 1151 627 1188 est
656 1148 798 1188 lzouor
829 1149 1109 1189 universalis
1139 1149 1327 1197 ecclesie,
1366 1160 1495 1188 meus

174 1217 316 1257 houor
347 1220 409 1257 est
427 1217 644 1269 fratrum
666 1230 874 1258 meorum
905 1218 1079 1258 solidus
1109 1218 1261 1270 vigor;
1290 1220 1393 1257 tuuc
1414 1226 1492 1269 ego

173 1287 422 1327 honoratus
451 1300 568 1341 sum,
602 1300 705 1328 eum
737 1288 932 1340 siugulis
967 1288 1210 1340 quibusque
1240 1288 1382 1327 houor
1412 1288 1490 1328 de-

122 1364 158 1396 15
175 1357 293 1397 bitus
322 1369 411 1397 uou
432 1361 639 1410 negatur.
673 1356 725 1397 Si
746 1370 818 1397 me
840 1358 960 1398 euim
982 1358 1289 1398 universalem
1313 1369 1491 1410 papam

173 1428 324 1466 vestra
353 1427 572 1467 sauctitas
602 1427 722 1478 dicit,
766 1430 901 1479 uegat
935 1439 982 1467 se
1014 1439 1105 1468 esse
1142 1427 1234 1475 hoc,
1271 1427 1391 1477 qnod
1423 1438 1493 1466 me

174 1495 366 1547 fatetur,
400 1497 676 1547 uuiversum,
708 1497 786 1536 sed
818 1497 932 1537 absit
961 1497 1052 1546 hoc,
1098 1497 1308 1537 recedant
1343 1496 1491 1545 verba,

173 1577 254 1616 que
285 1565 504 1606 uuitatem
536 1566 699 1616 iuflaut
731 1568 770 1605 et
801 1566 1041 1606 caritatem
1068 1566 1318 1607 vulueraut.
1350 1564 1491 1605 Unde

173 1633 412 1687 Pellagius
444 1647 588 1687 papa:
621 1634 787 1675 Nullus
815 1635 1192 1687 patriarcharum
1215 1635 1489 1675 universali—

119 1722 160 1743 20
174 1704 281 1744 tatis
314 1705 526 1744 vocabulo
558 1717 780 1756 umquam
802 1708 970 1754 utatur,
1001 1705 1108 1756 quia
1130 1705 1171 1744 si
1192 1717 1312 1745 uuus
1333 1718 1491 1745 eorum

174 1774 448 1814 universalis
490 1774 670 1826 dicitur,
707 1774 1092 1827 patriarcharum
1135 1786 1297 1814 nomeu
1336 1775 1493 1815 ceteris

174 1844 435 1895 derogatur.
488 1842 576 1883 Secl
615 1844 729 1884 absit
772 1856 801 1883 a
825 1844 1045 1895 fidelibus
1093 1844 1172 1884 hoe
1220 1844 1304 1884 sibi
1343 1857 1490 1896 quem-

167 1913 303 1964 piam
330 1925 494 1953 uomeu
515 1914 623 1953 velle
644 1914 866 1966 arripere,
898 1914 1017 1954 uude
1037 1914 1252 1954 honorem
1273 1913 1490 1965 fratrum

172 1994 362 2023 suorum
385 1995 435 2023 ex
454 1984 865 2035 quantulacumque
879 1986 1016 2035 parte
1037 1984 1243 2023 minuere
1262 1984 1493 2033 videatur;

117 2056 449 2105 25qu-apropter
490 2052 663 2093 caritas
705 2056 855 2093 vestra
899 2054 1126 2093 nemiuem
1177 2065 1399 2105 umquam
1443 2054 1491 2093 iu

172 2123 269 2163 suis
299 2123 500 2174 epistolis
529 2124 835 2164 universalem
866 2123 1077 2171 uomiuet,
1111 2135 1165 2163 ue
1185 2123 1273 2163 sibi
1293 2123 1490 2163 debitum

172 2192 421 2244 subtrahat,
466 2193 576 2233 dum
622 2193 757 2233 alteri
797 2193 1013 2233 houorem
1056 2193 1189 2246 offert
1230 2192 1490 2233 indebitum.

173 2261 289 2302 Ideo
336 2275 397 2302 ex
440 2262 649 2315 generali
693 2261 891 2303 concilio
939 2263 1180 2302 decretum
1229 2267 1317 2315 est,
1364 2262 1492 2315 quod

167 2333 324 2385 prime
336 2333 458 2373 sedis
471 2333 706 2386 episcopus
726 2345 815 2373 uou
831 2334 1083 2386 appelletur
1096 2333 1315 2385 princeps
1333 2344 1489 2372 saeer-

118 2410 158 2442 30
174 2405 330 2443 dotum
373 2407 451 2443 aut
494 2416 705 2444 summus
746 2405 959 2444 sacerdos
1001 2406 1081 2443 aut
1124 2403 1299 2454 aliquid
1330 2402 1488 2442 huius-

55 2477 139 2511 236ο
174 2473 311 2524 modi,
339 2472 344 2521 l
371 2474 450 2513 secl
480 2475 657 2513 tautum
683 2474 839 2526 prime
869 2473 991 2513 sedis
1016 2472 1261 2525 episeopus.
1299 2470 1488 2512 Univer—

173 2540 287 2583 salis
320 2545 472 2584 autem
493 2555 573 2583 uec
593 2543 739 2584 eciam
760 2555 985 2584 romauus
999 2541 1204 2596 pontifex
1225 2541 1489 2596 appelletur.

247 2713 271 2741 5.
312 2713 411 2741 Codd.
449 2713 479 2740 in
518 2721 632 2748 marg:
676 2712 865 2741 Universalis
899 2721 984 2749 papa
1023 2714 1123 2741 noluit
1158 2713 1267 2741 vocari
1303 2712 1486 2750 Gregorius.

175 2761 203 2789 6.
225 2760 341 2787 Codd.:
363 2759 507 2795 Eulogie.

246 2843 275 2876 5.
303 2844 384 2884 Cap.
403 2844 444 2876 V.
546 2854 594 2886 ις).
622 2844 759 2874 Decreti
790 2844 908 2875 Prima
934 2844 1027 2875 Pars.
1061 2843 1145 2874 Dist.
1178 2843 1299 2881 XCIX,
1332 2853 1405 2884 cap.
1433 2843 1488 2878 IV,

177 2911 229 2943 29.
257 2902 390 2932 Decreti
419 2902 532 2933 Prima
558 2903 652 2941 Pars,
682 2902 764 2934 Dist.
791 2901 908 2938 XC1X,
936 2911 1009 2942 cap.
1038 2902 1089 2932 HI.
