2078 3338
212 256 292 306 258
931 266 1155 298 JOHANle
1181 266 1366 298 WYCL1F
1650 257 1755 308 [CAP.
1777 264 1813 293 x.

500 374 761 409 assumeret
796 368 911 410 illud
941 370 1110 423 papale
1144 369 1364 420 officium,
1402 370 1510 423 quia
1546 371 1727 424 obligat
1763 384 1814 411 se

500 444 552 478 ut
583 438 649 478 sic
683 440 810 491 quod
842 438 902 479 sit
931 440 979 479 in
1001 439 1139 479 terris
1161 440 1408 492 proximus
1431 453 1613 493 sequax
1631 440 1815 490 Christi,

501 508 630 560 quod
660 508 786 548 forte
827 508 968 549 statui
1007 522 1147 561 quem
1185 508 1360 562 accipit
1405 515 1478 550 est
1506 509 1816 563 incompossi—

500 577 607 617 bile.
668 577 783 617 Ideo
830 578 945 618 dicit
990 577 1327 631 Crysostomus
1373 577 1554 619 Omelia
1590 579 1817 619 XXVIII

501 644 674 699 Operis
719 645 1010 700 Imperfecti:
1063 647 1352 700 Quicumque,
1403 648 1567 701 inquit,
1619 649 1851 689 Domino5

498 716 748 757 humilitati
778 718 980 757 studente
1010 718 1229 758 iactancie
1259 718 1417 767 studet,
1447 730 1538 758 non
1570 722 1632 759 est
1662 719 1817 771 imago

504 784 685 835 Chr-isti,
723 789 762 827 et
792 787 869 838 qui
899 786 1099 827 Domino
1124 790 1448 840 paupertatem
1483 791 1667 828 amante
1697 789 1817 829 divi-

500 856 681 895 ciarum
726 859 911 895 amator
954 859 1016 896 est
1058 857 1107 896 in
1149 857 1228 896 hoc
1270 858 1430 906 seculo,
1481 858 1656 909 repellit
1702 870 1732 897 a
1773 870 1820 898 se

505 923 673 966 Christ-i
702 925 1054 966 similitudinem
1085 938 1165 966 nec
1197 929 1259 966 est
1303 938 1405 966 vere
1447 927 1700 978 discipulus
1743 927 1821 978 qui

500 1006 588 1034 uon
618 995 830 1034 imitatur
850 995 1141 1047 magistrum.
1176 993 1378 1035 Studeat
1407 994 1553 1048 igitur
1573 995 1819 1037 Romanus
1838 1009 1881 1030 10

500 1061 735 1116 pontifex,
768 1063 807 1103 si
838 1063 1044 1104 imitatur
1076 1064 1307 1105 simillime
1338 1064 1440 1105 vias
1474 1064 1656 1105 Christi.
1703 1065 1818 1105 Ideo

503 1131 616 1172 dicit
630 1132 844 1185 Epistola
865 1132 1049 1173 XLIII:
1084 1132 1199 1184 Scio,
1230 1133 1394 1187 inquit,
1427 1135 1604 1174 domini
1631 1147 1752 1188 pape
1784 1138 1822 1175 et

501 1205 652 1242 sancte
693 1203 816 1243 seclis
858 1204 973 1243 lianc
1004 1215 1096 1243 esse
1123 1206 1402 1256 potestatem,
1445 1207 1494 1243 ut
1530 1204 1584 1244 de
1614 1205 1822 1244 omnibus

502 1271 726 1322 beneflciis
764 1273 1075 1313 ecclesiasticis
1106 1276 1258 1325 posset
1293 1274 1430 1313 libere
1461 1274 1693 1323 ordinare,
1730 1274 1820 1313 scio

501 1353 672 1392 quoque
694 1343 810 1392 quod
837 1342 1041 1394 quisquis
1068 1343 1271 1382 abutitur
1291 1343 1375 1382 hac
1395 1345 1615 1395 potestate
1643 1342 1823 1393 edificat
1843 1345 1878 1376 15

503 1412 565 1450 ad
590 1411 857 1463 gehennam.
890 1410 1006 1450 Ideo
1040 1412 1108 1463 (ut
1129 1410 1318 1451 videtur
1349 1411 1522 1459 multis)
1556 1411 1820 1464 descripoio

505 1492 640 1532 quam
674 1479 811 1532 ponit
843 1480 902 1519 de
933 1493 1059 1533 papa
1089 1493 1185 1520 non
1214 1480 1439 1520 convenit
1460 1480 1704 1533 apostolis,
1737 1481 1823 1521 sed

504 1549 800 1589 solummodo
834 1562 960 1602 pape
995 1563 1187 1590 summo.

254 1615 442 1642 someeven
559 1617 699 1658 Unde
743 1623 945 1671 propter
988 1618 1096 1658 talia
1128 1620 1277 1658 verba
1321 1618 1509 1671 quidam
1549 1619 1606 1658 ad
1643 1624 1822 1659 tantum

260 1657 312 1684 say
333 1649 355 1676 it
377 1649 402 1676 is
424 1657 439 1675 a

218 1683 471 1753 Plffitffhsgfg'ggss‘
501 1686 752 1736 insaniunt,
798 1688 927 1739 quod
971 1686 1133 1727 dicunt
1176 1687 1409 1728 neminem
1456 1700 1602 1740 posse
1654 1688 1824 1728 salvari
1841 1703 1882 1724 20

237 1754 464 1823 igftlggffiffie
502 1755 592 1797 nisi
636 1757 797 1796 credat
838 1756 979 1796 istum
1012 1756 1256 1797 articulum
1287 1757 1412 1807 fidei,
1459 1759 1587 1810 quod
1627 1757 1824 1810 quilibet

301 1823 400 1858 1³¹'0f11-
503 1838 628 1877 papa
660 1824 721 1865 sit
750 1838 839 1877 per
871 1838 922 1865 se
957 1838 1097 1866 causa
1127 1825 1276 1866 tocius
1298 1826 1546 1878 profectus
1570 1825 1824 1879 spiritualis

506 1894 720 1934 ecclesie.
752 1893 895 1934 Unde
932 1894 1296 1947 Lyncolniensis
1329 1894 1546 1948 Epistola
1578 1894 1822 1950 XXXV&

503 1963 570 2003 Ex
606 1965 814 2016 generali
857 1965 1000 2004 debito
1044 1965 1349 2016 subieccionis,
1401 1977 1485 2016 quo
1536 1978 1625 2005 non
1676 1967 1825 2006 solum
1871 1968 1958 2002 225⁶h

498 2034 699 2085 populus
729 2034 1006 2074 christianus
1036 2034 1115 2074 sed
1146 2038 1279 2074 totum
1302 2034 1558 2074 humanum
1580 2043 1726 2086 genus
1748 2035 1824 2074 ob-
1841 2043 1882 2073 25

503 2103 678 2154 ligatur
709 2106 747 2142 et
777 2104 874 2143 sine
905 2104 1036 2144 cuius
1065 2104 1290 2144 solucione
1311 2104 1465 2144 nullus
1491 2105 1684 2144 salutem
1716 2117 1823 2144 cou-

503 2173 718 2224 sequitur,
751 2173 923 2212 debitor
953 2186 1057 2213 sum
1088 2173 1375 2213 sanctissime
1389 2174 1662 2225 paternitati
1683 2177 1825 2214 vestre

504 2243 955 2295 excellentissimeque
1004 2243 1312 2283 dominacioni
1361 2243 1674 2296 plenitudinis,
1722 2245 1823 2284 obe-

504 2312 675 2351 diencie
706 2314 744 2352 et
774 2313 1039 2361 reverencie,
1070 2313 1256 2352 honoris
1287 2316 1327 2352 et
1355 2313 1549 2353 timoris.
1601 2312 1664 2353 Et
1700 2312 1824 2353 forte

507 2393 568 2420 ex
611 2380 782 2421 talibus
819 2381 980 2422 verbis
1019 2381 1362 2422 declamatoriis
1399 2381 1487 2421 fuit
1523 2381 1615 2422 iste
1656 2382 1826 2422 doctor
1842 2389 1888 2421 30v

505 2449 699 2502 punitus
732 2463 758 2490 a
787 2450 991 2491 Domino
1022 2464 1111 2504 pei·
1144 2464 1250 2491 eum
1283 2464 1422 2504 quem
1454 2451 1615 2491 verbis
1646 2450 1825 2492 floridis

576 2642 604 2666 4.
640 2631 739 2660 Codd.
761 2633 791 2660 in
825 2640 940 2668 marg:
973 2632 1089 2668 Papam
1127 2634 1232 2660 dicunt
1267 2641 1334 2660 esse
1370 2633 1576 2661 necessarium
1615 2634 1659 2660 ad
1687 2634 1827 2661 salutem.

508 2687 556 2712 24.
579 2679 679 2705 Codd.
700 2679 731 2706 in
752 2687 866 2714 marg:
887 2679 1111 2707 Lincolniensz's
1130 2679 1170 2707 de
1184 2687 1271 2715 papa
1292 2682 1367 2707 nota
1386 2682 1470 2708 bene.
1545 2687 1594 2714 27.
1616 2679 1654 2707 B:
1669 2683 1769 2708 vestre
1788 2683 1826 2707 et.

576 2774 608 2802 4.
636 2762 729 2804 Opp.
756 2768 841 2795 tom.
859 2762 915 2802 VI,
942 2772 1019 2804 pag.
1040 2772 1116 2804 771.
1219 2772 1269 2796 12.
1295 2763 1357 2794 Est
1381 2762 1540 2804 Epistola
1557 2762 1665 2793 XLIX
1684 2763 1828 2795 Roberti

508 2820 729 2852 Grosseteste
754 2820 823 2851 vid.
852 2820 940 2862 Epp.
966 2830 1044 2862 pag.
1067 2820 1143 2860 145.
1242 2829 1294 2859 24.
1322 2821 1463 2852 Roberti
1491 2821 1717 2861 Grosseteste‚
1744 2821 1832 2863 Epi-

507 2878 629 2921 stolae,
655 2877 718 2911 No.
745 2877 882 2921 XXXV⁷
909 2888 987 2919 pag.
1019 2878 1092 2910 123.
