2078 3338
255 270 305 308 26

281 956 353 983 Man
375 961 488 984 cannot

266 992 335 1026 give
354 992 405 1019 the
424 992 506 1028 Holy

328 1026 435 1062 Spirit.

259 2002 288 2028 A
309 2001 420 2036 bishop
441 2002 495 2029 llas

289 2044 305 2062 a
326 2037 465 2071 spiritual

261 2079 365 2105 power
386 2072 438 2099 but
459 2072 495 2099 he

269 2111 383 2132 cannot
402 2112 492 2140 grant

270 2141 321 2167 the
341 2141 439 2175 Spirit
461 2146 489 2168 at

306 2175 353 2202 his
374 2177 447 2204 will.

978 280 1203 312 JOHANle
1229 281 1416 313 WYCLIF
1687 270 1793 327 [CAP.
1812 281 1851 308 11.

538 397 643 423 esse
678 397 800 438 opus
832 384 1055 437 mirabile,
1095 390 1142 425 et
1173 384 1240 424 sic
1273 390 1382 425 sunt
1417 385 1508 426 illis
1541 387 1712 440 quibus
1745 395 1853 429 sunt

535 457 648 497 mira
689 454 877 495 insolita
921 468 1066 507 opera
1096 460 1262 495 nature
1293 454 1522 508 miracula,
1568 457 1665 498 aliis
1698 464 1853 498 autem

535 540 630 566 non
672 525 832 565 forent
874 524 1105 576 miracula,
1159 530 1208 564 et
1251 524 1317 564 sic
1363 525 1421 564 de
1464 526 1623 566 multis
1668 527 1851 568 ficticiis

534 594 888 636 infundabiliter
920 593 1199 633 adinventis.
1233 594 1325 633 Vel
1353 608 1468 649 ergo
1493 595 1700 636 dicamus
1724 598 1853 650 quod

536 666 663 705 solus
695 665 828 704 Deus
871 664 1017 703 habet
1059 668 1347 716 potestatem
1389 663 1592 704 faciendi
1633 666 1885 706 miracula5

535 735 612 775 vel
657 734 892 787 equivoce
946 733 1262 774 concedamus
1315 735 1443 788 quod
1504 735 1653 775 omnis
1710 736 1851 775 homo

535 816 810 858 promerens
843 808 958 856 aput
988 803 1156 854 Deum,
1194 809 1245 843 ut
1277 803 1417 843 faciat
1449 804 1508 843 ad
1538 818 1708 857 preces
1743 818 1851 845 suas

535 874 766 925 miracula,
797 872 911 913 facit
943 873 1291 926 quodammodo
1323 873 1427 926 ipsa
1459 873 1689 915 miracula.

596 943 831 996 Quantum
847 943 905 982 ad
919 948 1208 996 potestatem
1225 942 1365 982 dandi
1380 941 1606 996 Spiritum
1630 943 1853 985 Sanctum

536 1014 613 1054 vel
645 1012 862 1067 graciam,
895 1012 1084 1052 videtur
1112 1012 1362 1052 dicendum
1386 1012 1691 1054 conformiter
1724 1015 1853 1067 quod
1872 1030 1910 1051 ιο

534 1083 661 1123 foret
682 1081 817 1122 nimis
839 1095 1008 1135 magna
1028 1082 1332 1135 presumpcio
1367 1083 1524 1123 dicere
1558 1084 1690 1136 quod
1709 1084 1851 1124 homo

534 1157 761 1206 peccator
813 1152 892 1192 dat
943 1150 1170 1205 Spiritum
1223 1150 1457 1203 Sanctum,
1511 1153 1619 1206 quia
1666 1153 1851 1194 Christo

535 1236 679 1276 super
701 1235 840 1275 quem
863 1221 1133 1275 specialiter
1156 1222 1404 1262 descendit
1439 1223 1655 1263 columba
1684 1236 1849 1277 appro-

533 1292 715 1346 priatur
744 1291 1008 1345 baptizacio
1040 1292 1141 1344 ista,
1185 1297 1238 1332 ut
1278 1298 1413 1345 patet
1446 1293 1549 1343 Joh.
1575 1293 1741 1346 primo,
1787 1308 1852 1346 33.

536 1362 656 1402 Ymo
688 1362 841 1402 nullus
875 1361 983 1401 talis
1016 1362 1161 1402 habet
1187 1367 1479 1415 potestatem
1512 1363 1732 1403 servandi
1764 1363 1854 1404 sibi
1874 1369 1909 1400 15

535 1431 760 1485 Spiritum
795 1430 1031 1481 Sanctum,
1077 1432 1314 1484 quomodo
1359 1432 1504 1485 igitur
1548 1433 1605 1473 ad
1650 1433 1853 1474 dandum

534 1502 678 1555 alteri,
703 1515 806 1541 cum
828 1501 1017 1555 ignorat
1039 1507 1192 1541 utrum
1214 1502 1452 1554 pertineat
1475 1503 1531 1542 ad
1561 1503 1851 1543 columbam?

534 1571 655 1611 Ymo
701 1571 918 1624 apostoli,
970 1571 1028 1611 ad
1072 1584 1270 1624 quorum
1308 1571 1615 1612 ministerium
1656 1573 1852 1613 dabatur

533 1639 738 1693 Spiritus
783 1640 999 1693 Sanctus,
1050 1654 1146 1680 non
1192 1647 1585 1694 presumpserunt
1637 1655 1851 1682 asserere

534 1711 663 1764 quod
696 1710 942 1759 dederunt,
975 1711 1073 1756 sed,
1107 1716 1158 1750 ut
1188 1715 1321 1763 patet
1351 1711 1459 1752 Act.
1483 1710 1615 1763 VIII,
1647 1724 1707 1763 15,
1754 1725 1851 1752 ora-
1868 1725 1909 1747 20

533 1785 706 1821 verunt
736 1793 823 1833 pro
861 1779 951 1820 illis
983 1784 1030 1819 ut
1069 1781 1325 1833 acciperent
1357 1779 1584 1833 Spiritum
1620 1779 1852 1822 Sanctum.

533 1850 649 1890 Ideo
696 1850 773 1889 vel
825 1850 955 1890 solus
999 1850 1133 1890 Deus
1184 1851 1329 1889 habet
1378 1855 1668 1903 potestatem
1712 1851 1852 1891 dandi

535 1919 759 1973 Spiritum
782 1918 1017 1968 Sanctum,
1051 1920 1128 1960 vel
1151 1919 1351 1973 quilibet
1380 1920 1544 1973 laycus
1567 1920 1851 1973 baptizando

533 1990 611 2029 vel
653 1989 970 2042 promerendo
1008 1990 1153 2029 habet
1193 1994 1483 2042 potestatem
1526 1989 1665 2029 dandi
1706 1989 1849 2043 Spiri-

532 2064 629 2099 tum
693 2057 936 2107 Sanctum3
1017 2057 1290 2098 differenter
1357 2063 1511 2098 tamen
1582 2059 1906 2112 episcopus,25

533 2129 790 2169 secundum
807 2129 935 2181 quod
951 2127 1251 2168 autoritative
1267 2128 1347 2168 det
1362 2128 1536 2168 donum
1550 2129 1654 2179 tale,
1683 2130 1688 2181 Ι
1715 2129 1850 2169 nimis
1893 2134 1969 2176 167⁰

532 2199 726 2238 multum
786 2198 1047 2238 excederet
1097 2197 1317 2238 vicariam
1372 2204 1669 2251 potestatem.
1734 2198 1849 2251 Quis

530 2267 673 2321 igitur
707 2268 1007 2320 concederet,
1050 2269 1178 2321 quod
1208 2269 1353 2308 habet
1384 2273 1674 2321 potestatem
1706 2281 1851 2322 super

531 2337 687 2377 Deum
710 2338 787 2377 vel
811 2337 910 2377 eius
934 2337 1149 2391 graciam,
1187 2343 1234 2377 et
1254 2337 1681 2391 quomodocunque
1703 2338 1851 2378 locuti

530 2406 769 2457 fuerimus,
822 2407 1074 2447 maximum
1115 2407 1242 2448 foret
1293 2408 1423 2461 quod
1467 2420 1587 2447 unus
1645 2413 1850 2448 meretur
1866 2415 1907 2447 30

531 2477 667 2518 alteri
697 2477 891 2530 primam
923 2477 1139 2532 graciam,
1184 2477 1305 2530 quia,
1352 2491 1454 2517 curn
1486 2478 1534 2517 in
1567 2478 1694 2518 omni
1725 2481 1849 2518 motu

530 2561 715 2588 movens
747 2552 786 2588 et
817 2551 991 2588 motum
1022 2551 1127 2588 sunt
1157 2549 1310 2597 simul,
1353 2547 1489 2587 nimis
1523 2547 1848 2587 scandalosum

530 2617 656 2658 foret
700 2618 829 2671 quod
872 2618 1119 2658 Romanus
1165 2617 1424 2670 episcopus
1468 2622 1560 2657 tam
1606 2616 1848 2669 distanter,

529 2693 623 2727 tam
679 2687 964 2741 generaliter
1016 2693 1064 2728 et
1107 2693 1200 2727 tam
1249 2686 1742 2740 improporcionaliter
1792 2688 1849 2726 ad

602 2879 623 2905 1⁷
647 2879 673 2898 2.
694 2872 737 2898 A:
759 2873 830 2897 sunt
848 2871 1009 2897 miracula.
1084 2878 1111 2905 7.
1134 2870 1171 2897 B:
1196 2873 1386 2905 promerent.
1460 2878 1487 2905 9.
1515 2870 1544 2897 A
1563 2870 1593 2896 in
1616 2877 1729 2906 marg:
1757 2869 1844 2898 Dare

529 2917 678 2952 Spiritum
704 2917 858 2945 Sanctum.
934 2917 982 2945 26.
1011 2917 1127 2944 Codd.:
1149 2916 1213 2944 Sed
1237 2916 1331 2952 quod.
