2078 3338
223 275 237 300 1
253 275 301 312 14
956 271 1182 303 JOHANNis
1208 271 1394 303 WYcLiF
1652 259 1760 317 [CAP.
1775 269 1829 298 Vl.

510 374 738 429 quolibet.
791 376 853 416 Et
884 375 992 416 hinc
1024 376 1196 416 Petrus
1243 381 1296 415 ut
1339 375 1541 417 solidum
1572 377 1832 417 membrum

508 450 670 485 sancte
713 445 874 486 matris
921 444 1123 486 ecclesie
1167 445 1407 500 gaudebat
1451 446 1509 485 de
1540 445 1675 487 Pauli
1711 446 1834 487 iusta

510 514 842 569 correpcione3
888 529 984 556 non
1030 515 1153 555 enim
1186 520 1374 568 spectat
1406 517 1463 555 ad
1494 517 1704 556 membra
1736 530 1832 557 cor-

509 585 641 639 poris
684 598 915 638 usurpare
965 586 1045 625 vel
1087 598 1429 625 remurmurare
1482 591 1644 626 contra
1687 585 1835 626 aliena

221 665 262 693 So
285 665 395 692 should
416 665 439 691 it
461 664 496 691 be
512 655 675 695 officia.
711 655 773 695 Et
801 655 869 695 sic
897 655 1088 695 videtur
1121 654 1262 695 michi
1295 655 1423 708 quod
1455 655 1654 708 quilibet
1685 661 1867 696 sacer-5

254 699 328 726 with
349 699 462 734 priests

272 734 445 796 nosffifflgo
513 725 599 765 dos
652 726 798 765 debet
848 737 955 765 esse
1008 726 1096 764 sub
1145 738 1242 764 non
1293 726 1443 778 gradu
1491 725 1744 777 potestatis
1790 730 1837 766 et

248 804 342 839 speak
361 804 391 831 in
412 806 463 831 the
512 794 802 835 auctoritatis
841 794 1078 846 secularis,
1113 800 1161 835 et
1197 808 1315 848 pure
1346 794 1394 834 in
1425 795 1614 835 nomine
1645 794 1838 835 Domini

250 839 463 903 naniieoffcifhe
510 864 763 917 precipere
807 864 875 905 sic
919 865 998 905 vel
1042 864 1110 905 sic
1154 865 1330 911 facere3
1377 866 1507 918 quod
1551 865 1590 905 si
1628 864 1689 906 sit
1726 865 1837 905 anti-

514 934 729 985 christus,
772 935 1032 974 membrum
1078 934 1273 988 dyaboli
1316 935 1395 974 vel
1442 934 1575 975 aliter
1608 933 1836 988 Scarioth,

512 1017 608 1043 non
639 1004 785 1044 habet
817 1003 1017 1058 aliquam
1046 1003 1316 1044 huiusmodi
1347 1010 1647 1057 potestatem.
1698 1004 1837 1044 Unde
1855 1017 1896 1041 10

512 1078 564 1113 ut
596 1086 714 1127 sepe
744 1073 938 1127 repecii,
970 1087 1091 1127 pure
1125 1074 1184 1114 de
1217 1079 1346 1114 tanto
1380 1074 1527 1114 debet
1559 1074 1838 1115 christianus

512 1143 711 1196 implere
744 1144 872 1196 quod
903 1143 1123 1197 precipit.

270 1212 451 1247 0b500110¹¹²
574 1212 671 1254 Sed
704 1218 867 1254 contra
897 1214 1013 1254 illud
1042 1214 1046 1269 Ι
1075 1213 1284 1267 arguitur
1315 1227 1402 1267 per
1432 1215 1524 1254 hoc
1548 1215 1677 1267 quod
1707 1214 1841 1255 iuxta
1884 1217 1961 1263 189b

257 1246 363 1274 .This
382 1247 486 1274 would

240 1255 452 1310 100¹¹f¹1⁵e³¹¹
516 1282 640 1323 dicta
691 1284 846 1324 nullus
899 1283 1147 1336 apostolus
1198 1284 1277 1323 vel
1328 1283 1680 1336 predestinatus
1726 1284 1841 1326 citra

233 1317 492 1380 ffivsshzssnghffirffif
516 1352 750 1394 Christum
796 1359 869 1393 est
901 1353 1087 1394 maioris
1132 1353 1423 1394 auctoritatis
1457 1367 1594 1407 quam
1628 1354 1839 1408 quilibet,
1860 1359 1896 1391 15

516 1425 644 1476 quod
677 1423 994 1464 confunderet
1027 1424 1202 1477 gradus
1226 1423 1429 1464 ecclesie
1455 1429 1502 1464 et
1522 1424 1622 1464 iura
1642 1425 1840 1478 papalia,

516 1507 619 1534 cum
651 1494 773 1534 sicut
793 1494 966 1534 Petrus
1001 1499 1048 1534 et
1080 1493 1230 1534 ceteri
1261 1494 1468 1547 apostoli
1496 1494 1684 1535 fuerunt
1713 1495 1840 1548 paris

516 1563 820 1612 auctoritatis,
874 1564 941 1604 sic
995 1564 1142 1604 debet
1194 1577 1301 1604 esse
1359 1577 1483 1617 papa
1542 1569 1589 1604 et
1642 1564 1842 1618 quilibet

516 1639 706 1674 sanctus
752 1634 1021 1687 episcopus,
1073 1647 1184 1688 ymo
1233 1633 1431 1687 quilibet
1476 1635 1840 1687 predestinatus.

514 1702 611 1743 Ubi
641 1702 785 1757 igitur
815 1704 942 1744 foret
977 1704 1160 1758 papalis
1200 1704 1444 1744 sentencia
1477 1705 1535 1744 de
1579 1704 1840 1745 maioritate
1858 1719 1898 1740 20

518 1778 566 1814 et
598 1772 905 1814 obediencia?

237 1859 266 1879 2.
287 1850 389 1878 There
409 1854 494 1877 must
575 1841 810 1894 Similiter,
848 1843 981 1884 iuxta
1020 1844 1145 1884 dicta
1178 1844 1236 1884 de
1276 1844 1524 1884 sanctitate
1558 1845 1705 1885 debet
1737 1845 1842 1898 capi

251 1886 471 1956 οῗεεῑῗῑῗὶῗῑέἰῗζ,
518 1912 788 1965 auctoritas,
833 1914 921 1954 sed
952 1927 1071 1954 unus
1107 1919 1180 1954 est
1210 1914 1395 1967 reliquo
1430 1914 1655 1968 sanccior,
1698 1914 1842 1969 igitur

236 1956 491 2018 effinliglliiggss-ts
517 1982 704 2024 maioris
738 1984 1028 2025 auctoritatis
1062 1998 1199 2038 quam
1233 1984 1543 2038 evangelium.
1582 1985 1684 2025 Nec
1716 1985 1842 2025 valet

515 2053 695 2094 referre
729 2067 915 2095 omnem
948 2055 1277 2095 auctoritatem
1309 2069 1428 2108 pure
1461 2055 1520 2095 ad
1534 2054 1701 2104 Deum,
1735 2054 1842 2108 quia
1856 2057 1897 2090 25

516 2129 626 2164 sunt
664 2125 839 2177 gradus
884 2124 1226 2177 auctoritatum,
1266 2138 1370 2165 cum
1401 2138 1522 2165 unus
1556 2124 1841 2165 constitutus

519 2199 592 2234 est
635 2194 722 2234 sub
769 2194 959 2235 alterius
1002 2199 1258 2248 potestate,
1312 2194 1448 2235 aliter
1492 2194 1613 2235 enim
1664 2194 1842 2247 periret

517 2263 686 2317 regula
719 2264 1002 2305 obediencie
1044 2265 1245 2305 humane
1290 2269 1337 2305 et
1374 2263 1610 2305 maioritas
1643 2264 1840 2305 auctori-

516 2333 626 2374 tatis
660 2334 872 2374 ecclesie.

230 2412 312 2441 3.In
335 2411 491 2447 receiving
578 2402 814 2457 Similiter,
849 2404 1153 2457 suscipiendo
1187 2408 1478 2457 potestatem
1511 2403 1700 2450 ordinis,
1736 2403 1841 2456 quis
1858 2409 1900 2441 30

247 2447 485 2509 ordreercseifflgan
518 2473 719 2527 suscipit
732 2473 872 2513 aDeo
887 2478 1176 2526 potestatem
1193 2478 1241 2513 et
1255 2472 1579 2514 auctoritatem
1588 2472 1842 2526 regiminis,

241 2517 478 2581 authorrffifnd
522 2543 630 2597 quia
672 2548 965 2597 potestatem
1007 2543 1236 2597 pascendi
1281 2542 1541 2595 ecclesiam,
1593 2542 1722 2596 quod
1771 2547 1843 2582 est

523 2613 750 2667 optimum
801 2612 1013 2667 regimen
1067 2618 1115 2653 et
1158 2612 1426 2653 iurisdiccio
1472 2625 1659 2663 summa,
1706 2625 1842 2665 quam

524 2682 735 2724 Christus
758 2696 979 2736 umquam
1000 2682 1212 2734 instituit,
1237 2695 1340 2723 cum
1363 2682 1471 2736 plus
1494 2681 1555 2722 sit
1570 2680 1841 2722 differencie

593 2865 636 2894 13.
659 2866 681 2893 B
701 2867 732 2893 in
753 2874 869 2901 marg-t
892 2865 1037 2894 obiectus
1057 2867 1096 2893 de
1119 2866 1319 2894 auctoritatis
1338 2865 1538 2898 maz'orz'tate;
1563 2866 1592 2892 A
1617 2865 1648 2893 in
1676 2873 1791 2900 marg.:
1815 2873 1838 2892 I.

523 2921 571 2942 20.
593 2912 711 2941 Codd.:
728 2912 850 2948 papali.
926 2921 976 2941 22.
996 2914 1025 2940 A
1044 2912 1075 2940 in
1097 2920 1210 2947 marg:
1232 2920 1262 2940 2.
1337 2911 1385 2941 30.
1407 2912 1435 2939 A
1450 2911 1480 2938 in
1496 2919 1611 2946 marg:
1630 2919 1664 2946 3.
