2078 3338
375 1205 442 1233 The
463 1213 544 1240 pope

366 1241 477 1267 should
498 1244 553 1267 not

385 1275 514 1310 appoint

384 1310 525 1343 prelatas.

1040 271 1264 303 JOHANNIS
1290 271 1475 303 WYCLIF
1722 261 1827 312 [CAP.
1854 270 1917 298 XII.

607 379 802 425 remote,
835 379 927 414 tam
961 379 1238 428 sumptuose
1272 380 1319 415 et
1349 374 1616 429 periculose
1649 376 1831 415 laborat
1861 376 1920 416 ad

608 444 856 496 primatum
880 443 1250 485 ecclesiasticum
1269 444 1590 495 obtinendum,
1614 444 1721 498 quia
1742 445 1782 485 si
1801 458 1920 498 pure

608 514 686 553 vel
716 512 1040 566 principaliter
1076 513 1278 554 intendit
1315 513 1666 554 edificacionem
1706 513 1920 563 ecclesie,

608 583 747 635 plana
770 587 843 623 est
864 582 952 635 via,
975 582 1181 633 brevior,
1205 583 1416 642 securior
1439 588 1487 623 et
1508 582 1614 623 Deo
1637 584 1921 636 placencior,

609 652 866 692 laborando
888 651 1137 693 indiffinite
1160 652 1281 694 sicut
1302 653 1520 693 fecerunt
1534 652 1748 706 apostoli.
1783 652 1955 705 Quodfi

611 721 650 761 si
680 721 929 774 primatum
962 735 1079 775 pure
1112 727 1192 762 aut
1223 722 1373 775 primo
1405 722 1620 772 intendit,
1663 721 1925 762 inhabilitat

610 804 661 831 se
682 791 742 830 ad
765 803 950 831 omnem
974 796 1145 832 statum
1162 791 1376 842 ecclesie,
1394 805 1495 832 cum
1517 791 1743 845 preponit
1762 805 1923 845 regem

611 860 834 913 superbie
866 860 970 913 regi
1001 874 1139 911 vero;
1175 866 1222 901 et
1254 860 1320 901 sic
1348 861 1538 901 videtur
1570 861 1698 914 quod
1726 861 1925 901 ecclesia

608 929 867 981 regulanda
904 935 956 969 ut
994 929 1102 969 olim
1142 929 1341 983 eligeret
1371 929 1462 971 sibi
1497 929 1815 982 presbiterum
1847 930 1925 969 vel

610 998 738 1051 quod
780 998 985 1051 apostoli
1034 998 1236 1038 infidelis
1288 998 1445 1051 gentis
1498 997 1786 1039 constituant
1837 997 1925 1038 sibi
1945 1013 1982 1034 10

609 1067 919 1120 presbiteros,
943 1080 1062 1121 quos
1084 1073 1318 1121 percepto
1333 1081 1520 1108 veneno
1544 1066 1737 1121 dyaboli
1749 1067 1926 1107 debent

609 1136 810 1179 abicere.

669 1205 730 1245 Et
759 1210 894 1258 patet
925 1219 1062 1258 quam
1086 1211 1360 1246 extraneum
1385 1211 1457 1247 est
1483 1219 1507 1245 a
1528 1205 1750 1245 Romano
1774 1205 1924 1259 ponti-

609 1275 713 1325 fice,
766 1275 1038 1328 symoniace
1081 1275 1371 1329 principatus
1413 1275 1626 1316 ecclesiis
1665 1275 1926 1328 assignare3

610 1345 702 1384 hoc
735 1344 856 1384 enim
880 1344 1005 1385 foret
1034 1345 1186 1385 minus
1212 1345 1453 1386 dissonum
1484 1344 1531 1385 in
1559 1344 1704 1385 milite
1727 1345 1804 1384 vel
1836 1344 1925 1385 alio
1947 1350 1983 1383 15

611 1414 851 1467 populari;
894 1427 954 1454 ex
988 1414 1158 1467 quibus
1192 1414 1487 1454 convincitur
1519 1414 1646 1467 quod
1676 1427 1801 1467 papa
1835 1419 1927 1454 tam

611 1483 844 1536 perplexe
878 1496 930 1523 se
963 1496 1164 1524 onerans
1199 1483 1248 1523 in
1286 1488 1379 1523 tam
1413 1483 1561 1523 alieno
1596 1482 1752 1523 officio
1789 1487 1927 1536 atque

613 1551 847 1606 ambiguo,
886 1557 1089 1605 propter
1118 1557 1387 1605 reputatum
1421 1552 1714 1592 commodum
1748 1556 1926 1604 tempo-

611 1622 708 1661 rale
741 1621 876 1662 nimis
899 1627 1064 1675 gravat
1086 1635 1219 1663 suum
1244 1621 1462 1672 officium,
1495 1634 1599 1661 cum
1621 1621 1750 1662 fatue
1771 1621 1929 1661 reddit

613 1703 665 1730 se
687 1689 968 1744 participem
992 1690 1196 1731 criminis
1217 1691 1469 1741 hominum,
1504 1704 1623 1744 quos
1648 1691 1715 1731 sic
1736 1690 1928 1744 prefert.
1945 1707 1986 1729 20

612 1759 688 1800 Sic
741 1759 887 1800 eciam
939 1759 1107 1800 dicitur
1159 1760 1380 1813 ampliare
1431 1765 1720 1813 potestatem
1769 1773 1929 1800 eorum

614 1842 752 1881 quam
774 1829 908 1869 Deus
939 1829 1104 1869 minuit
1125 1830 1203 1869 vel
1235 1842 1331 1869 non
1364 1835 1535 1880 causat,
1570 1835 1617 1869 et
1641 1830 1929 1884 restringere

613 1904 901 1952 potestatem
935 1912 1111 1950 eorum,
1151 1912 1290 1952 quam
1322 1900 1456 1940 Deus
1488 1899 1752 1953 amplificat.
1806 1898 1925 1951 Quo-

613 1968 754 2008 modo
798 1968 942 2021 igitur
983 1968 1298 2021 respondebit
1327 1969 1434 2009 Deo
1480 1968 1650 2009 stultus
1695 1973 1787 2008 tam
1824 1981 1928 2021 pre-

614 2037 864 2090 cipitanter
897 2043 945 2077 et
974 2037 1203 2078 blasfeme
1236 2037 1325 2079 sibi
1360 2038 1636 2089 contrariu53
1676 2051 1771 2078 non
1806 2037 1927 2078 enim
1943 2045 1983 2076 25

615 2112 688 2148 est
717 2106 957 2147 fundabile
981 2108 1110 2160 quod
1129 2108 1274 2148 habet
1294 2112 1582 2161 potestatem
1603 2107 1651 2148 in
1674 2106 1927 2161 episcopis,

613 2176 730 2229 ipsis
776 2176 1114 2218 sciencioribus
1160 2182 1207 2216 et
1251 2176 1491 2230 copiosius
1538 2178 1694 2218 claves
1728 2176 1928 2216 ecclesie

612 2246 896 2288 habentibus
927 2252 1218 2300 potestatem
1251 2247 1427 2287 ordinis
1451 2247 1516 2288 sic
1539 2247 1828 2301 restringere
1851 2246 1928 2286 vel

613 2318 785 2357 laxare.
817 2316 934 2357 Nam
959 2318 1017 2357 de
1039 2322 1280 2370 potestate
1303 2316 1496 2370 propria
1517 2317 1608 2357 hoc
1630 2330 1724 2356 non
1752 2320 1927 2369 potest,

615 2399 733 2440 quos
763 2385 909 2439 igitur
939 2386 1076 2427 funes
1107 2386 1252 2426 habet
1280 2386 1403 2427 circa
1423 2391 1710 2439 potestatem
1735 2385 1927 2425 alienam
1945 2392 1985 2424 30

613 2455 834 2495 maiorem
849 2469 932 2496 sua
953 2461 1209 2509 potestate,
1235 2468 1372 2509 quam
1386 2455 1520 2496 Deus
1544 2455 1623 2495 dat
1643 2453 1927 2508 appropiate

616 2525 672 2565 ad
722 2525 1101 2578 prodessendum
1160 2525 1387 2565 ecclesie?
1448 2524 1555 2565 Non
1608 2524 1753 2578 igitur
1802 2523 1930 2564 valet

614 2594 796 2648 fingere
838 2594 1128 2635 blasfemiam
1172 2595 1230 2635 ad
1261 2594 1652 2648 magnificandum
1686 2607 1814 2635 suam
1845 2606 1927 2645 po-

615 2664 829 2715 tenciam,
862 2665 948 2704 sed
979 2677 1178 2705 necesse
1209 2665 1351 2704 habet
1381 2663 1589 2705 stabilire
1613 2663 1858 2704 ecclesiam
1881 2662 1928 2702 in

616 2738 741 2774 statu
785 2739 833 2774 et
873 2733 1104 2787 religione
1133 2733 1137 2789 Ι
1165 2732 1388 2787 primeva,
1433 2747 1571 2787 quam
1610 2732 1821 2774 Christus
1864 2731 1926 2771 in·
1967 2735 2049 2768 252b

688 2892 714 2920 5.
739 2894 776 2920 ss:
797 2891 966 2927 indefinite.
1053 2901 1098 2927 14.
1121 2892 1240 2920 Codd.:
1257 2893 1363 2928 prima
1383 2892 1543 2927 primatus.
