2078 3338
267 253 315 280 22

337 1560 405 1587 The

267 1596 469 1631 pseudopope

310 1631 336 1658 is
356 1631 406 1657 the

258 1666 470 1693 abomination

249 1702 279 1727 οἳ
301 1700 482 1728 desolation.

963 254 1187 286 JOHANNIS
1215 254 1400 287 WYCLIF
1637 247 1742 298 [CAP.
1771 256 1836 283 ΧΠ.

524 357 652 410 quod
676 356 888 398 Christus
911 358 1143 411 propheta
1174 372 1379 399 summus
1413 359 1683 412 prediceret
1713 362 1836 414 peri-

524 428 626 467 cula
657 427 830 468 maiora
862 427 1077 478 ecclesie,
1124 428 1295 482 quibus
1339 442 1434 469 non
1480 435 1553 470 est
1584 430 1729 471 maius
1762 432 1838 472 vel

522 497 793 537 blasfemius
847 511 984 550 quam
1033 511 1137 538 cum
1181 497 1278 539 vita
1323 512 1445 552 yma,
1499 504 1550 539 ut
1600 500 1840 541 declarant

523 565 785 619 Gregorius
831 572 879 607 et
909 567 1225 620 isembardus,
1270 568 1523 609 vendicare
1569 569 1839 623 pompatice

523 640 694 677 statum
718 636 901 678 Christi.
936 636 1051 677 Cum
1081 637 1226 691 igitur
1256 638 1344 678 hoc
1378 651 1496 692 sepe
1525 638 1758 692 contingit
1780 640 1872 680 de5

521 718 659 759 papa,
693 711 743 746 ut
765 711 900 759 patet
923 719 983 746 ex
1007 706 1208 747 cronicis
1239 707 1467 761 allegatis,
1496 708 1685 749 videtur
1713 709 1841 762 quod

523 774 736 816 Christus
782 775 947 816 debuit
990 776 1252 830 periculum
1288 776 1402 817 illud
1433 776 1689 830 predicere.
1743 777 1841 819 Sed

521 844 603 885 ubi
649 845 940 898 expressius,
985 860 1122 899 quam
1155 846 1318 888 Matth.
1350 846 1539 897 XXIV,
1580 860 1624 898 ¹5
1661 847 1841 890 dicens:

526 912 641 956 Cum
685 916 890 956 videritis
932 917 1353 957 abhomiuaciouem
1397 916 1707 968 desolacionis,
1758 930 1840 970 que

522 984 643 1024 dicta
675 988 737 1025 est
768 998 798 1026 a
829 985 1019 1026 Daniele
1047 976 1267 1039 propheta
1297 990 1442 1027 stante
1472 984 1519 1027 in
1551 988 1643 1027 loco
1671 991 1838 1040 sancto,
1859 1003 1898 1025 10

520 1054 597 1106 qui
627 1055 747 1107 legit,
778 1055 1014 1108 intelligat.
1076 1055 1226 1097 Daret
1263 1061 1416 1097 autem
1455 1056 1608 1097 fidelis
1648 1070 1839 1110 operam

523 1123 579 1163 ad
600 1123 959 1177 intelligendum
980 1126 1103 1166 hunc
1126 1131 1304 1167 textum
1326 1131 1527 1180 propter
1555 1126 1655 1178 tria,
1687 1126 1838 1180 primo

522 1193 631 1246 quia
683 1199 757 1235 est
816 1200 980 1236 textus
1041 1194 1129 1235 viri
1191 1195 1541 1247 desideriorum,
1602 1201 1654 1236 ut
1706 1201 1841 1249 patet

521 1263 693 1304 Daniel
725 1263 813 1315 IX,
847 1265 1058 1305 secundo
1093 1264 1200 1318 quia
1235 1270 1308 1306 est
1338 1270 1502 1307 textus
1536 1265 1840 1319 evangelicus

523 1345 548 1372 a
598 1345 776 1373 summa
828 1333 1070 1387 sapiencia
1120 1335 1369 1388 repetitus,
1431 1340 1479 1376 et
1529 1334 1678 1376 tercio
1731 1335 1897 1388 quia15

523 1402 736 1443 Christus
789 1417 851 1443 ex
907 1417 1077 1458 magna
1128 1417 1270 1445 causa
1311 1405 1518 1459 precipit
1569 1405 1699 1459 quod
1748 1405 1840 1445 hoc

521 1471 689 1527 legens
722 1474 875 1526 ipsum
907 1473 1150 1527 intelligat.

580 1541 896 1595 Expositores
912 1548 1066 1584 autem
1081 1543 1325 1584 verificant
1345 1544 1459 1585 illud
1474 1544 1533 1585 de
1548 1543 1841 1598 Antichristo

524 1611 838 1652 concorditer.
891 1611 989 1654 Sed
1022 1613 1100 1654 alii
1131 1613 1377 1654 verificant
1413 1615 1505 1654 hoc
1538 1614 1596 1655 de
1629 1613 1840 1655 Adriano

520 1680 807 1735 imperatore
838 1683 916 1723 vel
950 1682 1053 1734 alio,
1088 1682 1168 1736 qui
1199 1683 1362 1737 posuit
1394 1688 1593 1725 statuam
1624 1683 1840 1738 imaginis
1858 1702 1899 1723 20

521 1764 605 1792 sue
636 1751 684 1792 in
715 1753 894 1806 templo
915 1752 1119 1795 Domini.
1151 1753 1211 1794 Et
1244 1753 1318 1794 alii
1343 1753 1530 1808 fingunt
1561 1767 1729 1795 sensus
1764 1767 1840 1794 ex-

520 1826 724 1865 traneOS.
774 1821 918 1863 Michi
963 1828 1117 1863 autem
1161 1823 1350 1864 videtur
1393 1825 1522 1878 quod
1559 1824 1700 1865 nichil
1733 1824 1840 1878 plus

522 1892 782 1932 concordat
827 1905 930 1932 cum
963 1892 1100 1933 litera
1142 1894 1220 1934 vel
1259 1894 1585 1936 ebdomalibus
1628 1894 1839 1934 Danielis

521 1974 658 2014 quam
704 1963 993 2016 exponendo
1039 1963 1132 2003 hoc
1176 1963 1235 2003 de
1280 1964 1607 2017 pseudopapa,
1653 1963 1733 2017 qui
1768 1969 1840 2004 est

519 2030 797 2083 potissimus
841 2032 1176 2074 Antichristus.
1241 2033 1295 2073 In
1338 2034 1429 2074 hoc
1476 2033 1598 2074 enim
1644 2038 1718 2074 est
1762 2034 1893 2073 ab-25

518 2100 782 2141 hominacio
817 2102 1145 2155 desolacionis,
1191 2108 1242 2144 ut
1274 2116 1416 2157 supra
1455 2103 1671 2157 exposui.
1721 2103 1839 2144 Nam

520 2170 825 2211 communitas
878 2171 1260 2213 abhominaretur
1317 2173 1493 2214 sentire
1551 2187 1693 2214 unum
1747 2173 1837 2213 fin-

519 2245 712 2294 gentem
754 2253 1011 2294 personam
1056 2241 1229 2283 Christi
1271 2242 1318 2283 in
1360 2243 1613 2284 interludio
1660 2240 1835 2298 estivo}

520 2315 568 2350 et
611 2322 757 2364 super
798 2312 887 2351 hec
927 2316 1062 2353 extra
1098 2311 1295 2353 formam
1324 2312 1424 2353 ludi
1461 2312 1711 2354 facientem
1746 2317 1838 2352 tur·
1879 2323 1959 2360 2410

518 2379 728 2433 pidinem
774 2381 852 2421 vel
897 2382 1185 2435 loquentem,
1231 2388 1406 2436 quanto
1446 2382 1609 2438 magis,
1649 2382 1836 2436 quando
1854 2390 1895 2422 30

520 2449 625 2503 quis
669 2450 913 2503 pretendit
954 2451 1185 2492 vivaciter
1227 2458 1462 2506 tamquam
1515 2452 1837 2506 spectaculum

519 2519 609 2560 toti
653 2520 868 2572 ecclesie,
914 2522 1043 2574 quod
1085 2522 1209 2575 gerit
1254 2535 1507 2576 personam
1553 2521 1736 2572 Christi,
1790 2526 1837 2561 et

518 2593 674 2629 tamen
731 2590 1068 2632 committendo
1130 2597 1330 2645 peccata
1389 2591 1660 2645 turpissima
1719 2590 1838 2631 vivit

520 2657 705 2699 Christo
751 2673 929 2700 summe
975 2661 1220 2702 contrarie.
1273 2661 1391 2712 Hec,
1435 2661 1634 2714 inquam,
1665 2661 1836 2700 nedum

521 2733 594 2768 est
637 2729 961 2771 abhominacio
1005 2735 1057 2770 ut
1098 2731 1145 2770 in
1188 2731 1300 2771 ludo
1347 2732 1434 2772 sed
1468 2730 1721 2781 desolacio,
1758 2730 1891 2771 de-35

589 2887 638 2915 35.
662 2888 698 2915 15:
721 2889 852 2916 includo.
