2078 3338
234 283 323 311 CAP.
344 274 443 325 vm]
629 284 687 314 DE
716 283 994 315 PoTEsTATE
1027 283 1156 314 PAPE.

233 389 553 431 testimonium
599 388 826 441 perhibeo
862 388 919 427 de
958 400 1032 427 me
1070 386 1189 440 ipso,
1232 386 1551 428 testimonium

232 474 385 500 meum
437 472 533 498 non
577 463 650 499 est
693 470 869 509 verum,
922 457 1006 496 sed
1055 462 1192 509 pater
1234 456 1552 497 testimonium

233 529 464 583 perhibet.
497 527 548 569 Si
571 527 718 568 eciam
739 527 958 580 Baptista
979 526 1079 568 sine
1103 526 1273 567 Christi
1295 527 1553 567 exaccione

234 598 550 640 testimonium
580 597 821 652 perhibuit
842 596 1062 638 Veritati:
1095 596 1203 649 Ego,
1225 595 1389 649 inquit,
1417 597 1553 636 liabeo

201 670 540 710 §testimoninm
571 669 725 709 mains
746 667 964 719 Jolzanne,
998 679 1136 719 opera
1170 667 1290 707 enirn
1322 679 1403 718 que
1435 668 1555 707 dedit

236 739 369 779 michi
397 742 530 791 pater
560 742 608 778 itt
634 737 895 790 perficiamu
925 737 1026 790 ipsa
1049 749 1189 789 opera
1220 748 1302 788 que
1325 744 1402 788 ego
1423 736 1553 788 facio

232 809 541 849 testimonium
580 808 812 860 perhibent
854 808 908 847 de
951 819 1033 847 me.
1095 806 1170 845 Ex
1206 805 1310 846 istis
1342 805 1555 847 textibus

235 878 426 918 eliciunt
469 877 618 917 sancti
660 876 901 917 versucias
953 875 1224 927 antichristi,
1275 875 1380 929 ipse
1433 875 1555 916 enim

234 961 411 988 summe
444 947 541 988 sitit
571 948 800 987 honorem
834 952 881 987 et
911 946 1091 986 lucrum
1120 946 1416 997 mundanum,
1450 959 1553 985 cum

180 1029 218 1050 10
235 1017 446 1058 Christus
499 1016 687 1057 omnino
731 1016 846 1056 fecit
891 1015 1184 1056 contrarium.
1246 1015 1363 1055 Ideo
1412 1016 1554 1055 docet

236 1087 532 1143 Augustinus
594 1086 675 1127 ubi
733 1100 874 1139 supra
936 1086 1174 1139 quomodo
1233 1084 1553 1126 Antichristus

233 1157 408 1197 nitetur
458 1158 585 1210 quod
624 1156 723 1197 sine
765 1156 864 1196 eius
904 1155 1102 1196 seculari
1142 1154 1422 1195 obediencia
1459 1168 1554 1195 non

234 1233 307 1267 est
351 1227 485 1278 salus,
531 1227 658 1279 quod
692 1240 795 1266 cum
827 1240 923 1266 non
954 1226 1100 1266 habet
1136 1224 1457 1266 testimonium
1492 1238 1554 1264 ex

234 1296 479 1349 scriptura,
512 1296 648 1349 fingit
691 1295 737 1335 in
782 1296 938 1335 multis
985 1295 1199 1348 epistolis
1233 1293 1553 1335 testimonium

181 1367 259 1406 15a
290 1379 341 1406 se
372 1366 498 1419 ipso:
534 1365 584 1406 Si
616 1367 718 1406 boni
747 1378 920 1418 sumus,
953 1365 1104 1419 inquit
1135 1364 1445 1418 Augustinus,
1466 1364 1553 1416 fa-

233 1437 314 1476 cite
344 1437 463 1488 quod
492 1436 711 1488 scripturn
744 1439 828 1476 est:
860 1435 1122 1476 [imitatores
1153 1436 1244 1475 mei
1267 1438 1409 1483 estote,
1441 1435 1556 1474 sicut

235 1510 273 1546 et
305 1514 382 1557 ego
419 1504 596 1547 Christi·
631 1504 681 1545 Si
712 1509 864 1545 autern
896 1506 1011 1545 mali
1044 1517 1219 1557 sumus,
1266 1505 1391 1557 quod
1421 1505 1555 1544 Deus

233 1574 385 1629 magis
416 1574 539 1625 facit,
583 1576 649 1615 sic
685 1587 763 1615 uec
793 1575 958 1615 deserti
989 1575 1092 1614 estis
1122 1587 1201 1614 rzec
1237 1574 1335 1614 sirie
1369 1574 1554 1614 ‘consilio

231 1644 541 1693 rernaizsz'stis,·
584 1645 737 1684 audite
780 1645 1013 1685 dicentem:
1070 1643 1162 1696 ρπβ
1204 1644 1359 1683 dieunt
1393 1643 1553 1695 facite,

178 1725 218 1746 20
233 1727 314 1767 qne
342 1718 493 1755 antem
514 1714 701 1766 faciunt
732 1716 865 1754 nolite
884 1714 1057 1766 facere.
1092 1713 1180 1755 Sed
1206 1714 1374 1765 prelati
1396 1717 1556 1753 contra

232 1785 328 1825 hec:
360 1781 462 1824 Nisi
492 1786 595 1825 boni
613 1785 866 1837 fuerimus,
894 1784 1094 1836 peristis.
1129 1782 1217 1824 Sect
1243 1783 1313 1823 hic
1336 1787 1397 1823 est
1420 1783 1554 1831 cilius,

233 1855 310 1905 qni
330 1854 471 1893 veniet
485 1855 530 1894 in
553 1856 734 1894 nomine
752 1853 932 1896 Christi.
958 1852 1053 1894 Sed
1074 1853 1199 1892 hunc
1214 1852 1555 1894 Antichristum

234 1923 462 1976 alloquor,
495 1923 639 1978 igitur
671 1924 768 1964 vita
799 1937 900 1964 mea
934 1937 995 1963 ex
1026 1928 1074 1963 te
1107 1922 1338 1976 pendebit
1363 1928 1409 1963 et
1431 1923 1556 1963 saius

234 2007 339 2033 mea
382 2007 443 2033 ex
475 1998 523 2033 te
554 1993 848 2046 religabitur:
900 1993 996 2034 Sed
1028 1993 1391 2044 fundamentum
1429 1993 1558 2032 alind

179 2075 365 2109 2572emo
412 2067 555 2115 potest
600 2076 771 2116 ponere
820 2064 911 2103 rzisi
958 2061 1200 2110 Christum,
1252 2061 1362 2102 veni
1412 2061 1558 2114 igitur

236 2145 431 2180 mecum,
466 2132 773 2184 Antichriste,
809 2133 846 2174 si
879 2132 952 2173 vis
978 2145 1083 2173 esse
1117 2145 1261 2185 super
1282 2136 1478 2184 petram,
1511 2136 1557 2170 et

235 2201 333 2242 noli
375 2203 498 2242 velle
544 2216 648 2242 esse
691 2202 830 2242 michi
874 2216 961 2255 pro
1009 2206 1154 2255 petra.
1213 2202 1275 2241 Et
1318 2206 1453 2253 patet
1496 2214 1557 2240 ex

235 2276 371 2310 textu
393 2271 617 2321 Johannis
642 2271 872 2325 sequenti,
897 2271 1135 2324 quomodo
1159 2269 1372 2311 Christus
1395 2269 1558 2310 nititur

118 2355 196 2387 20812
236 2340 502 2381 testimonio
530 2340 534 2395 ᾖ
561 2341 790 2382 iustorum
836 2355 1033 2394 operum
1078 2346 1125 2381 et
1169 2339 1411 2393 scripture,
1462 2352 1557 2379 non

182 2426 222 2457 30
238 2415 391 2450 autem
437 2410 549 2451 soiis
596 2410 756 2451 verbis
798 2410 1049 2460 hominum,
1094 2414 1145 2449 ut
1189 2409 1404 2462 superius
1446 2408 1558 2448 dicit

239 2480 575 2532 Crysostomus
602 2493 707 2520 esse
732 2479 1122 2520 consuetudinem
1145 2477 1445 2525 Antichristi3
1467 2478 1556 2516 hec

239 2548 486 2589 considera
518 2554 566 2588 et
596 2549 783 2602 applica
817 2550 872 2588 ad
905 2549 1027 2588 facta
1047 2548 1369 2588 Romanorum
1401 2547 1556 2600 ponti-

237 2619 376 2658 ficum
428 2622 476 2657 et
521 2618 626 2658 vide
678 2618 717 2658 si
761 2623 1024 2658 consonant
1072 2617 1240 2658 ritibus
1285 2616 1556 2667 antichristi,

314 2831 356 2850 21.
381 2822 590 2859 Bzfuerz'mus
609 2824 700 2851 deest.
778 2823 825 2851 32.
848 2824 887 2850 B:
908 2823 1030 2858 applica
1050 2823 1095 2851 de.

314 2915 343 2945 4.
371 2906 447 2940 Joh.
465 2907 508 2948 V,
538 2905 589 2939 36.
704 2907 752 2939 15.
781 2906 871 2948 Opp.
898 2913 983 2939 tom.
1010 2907 1049 2947 V,
1077 2905 1154 2940 636.

1763 270 1839 318 189

1620 1088 1793 1116 Antichrist

1614 1123 1722 1151 claims
1742 1123 1804 1150 that

1637 1158 1769 1186 without

1621 1192 1789 1220 obedience

1594 1232 1624 1255 to
1645 1228 1708 1255 him
1729 1228 1755 1255 is
1776 1236 1815 1255 no

1621 1262 1785 1291 salvation.

1599 2214 1646 2242 He
1666 2218 1744 2242 rests
1764 2214 1812 2241 his

1625 2249 1732 2276 claims
1753 2257 1792 2275 on

1573 2285 1697 2312 witness
1714 2284 1748 2311 of
1765 2292 1845 2312 men.
