2078 3338
262 525 365 552 which
386 526 424 552 he

246 564 454 589 enumerates.

248 1022 270 1043 1.
292 1013 449 1048 Apostles.

250 2275 278 2296 2.
300 2267 461 2302 Prophets.

932 275 1156 306 „IOHANNIS
1182 275 1368 306 WYCLIF
1644 262 1750 319 [CAP.
1771 273 1808 301 11.

495 378 702 430 operacio
753 378 985 424 virtutum,
1037 379 1123 419 alii
1165 379 1426 431 prophecia,
1471 379 1555 419 alii
1596 381 1810 422 discrecio

497 446 769 500 Spiritaurn,
792 448 876 487 alii
892 456 1066 500 genera
1086 449 1371 502 linguarum,
1389 449 1473 489 alii
1492 450 1810 503 interpretacio

495 529 772 558 sermonum.
804 516 866 557 Et
895 518 984 557 hec
1007 530 1180 557 novem
1201 517 1391 558 videtur
1411 519 1679 571 Apostolus
1704 533 1812 560 con-

497 591 753 639 sequenter
785 586 950 627 ordine
982 600 1068 627 suo
1090 587 1139 627 in
1161 587 1388 628 subiectis
1411 588 1506 628 suis
1530 589 1810 642 exprimere.

503 654 750 710 Quosdam,
787 655 951 709 inquit,
983 656 1109 697 Deus
1144 658 1300 710 posuit
1335 659 1384 698 iri
1421 659 1618 708 ecclesia,
1654 660 1846 712 primo5

497 727 734 779 apostolos,
755 727 949 767 secundo
965 727 1227 780 prophetas,
1241 728 1376 768 tercio
1400 728 1612 775 doctores,
1628 730 1814 769 demum

497 796 694 847 virtutes,
728 796 884 836 exinde
909 797 1103 849 gracias
1134 798 1444 849 curacionum,
1477 799 1814 850 opitulacioues,

492 866 864 919 guberna-iones,
892 875 1066 919 genera
1096 867 1381 919 linguarum,
1419 868 1817 920 interpretaciones

497 948 775 976 sermonum.
814 935 918 988 Que
949 948 1123 976 novem
1155 936 1378 977 videntur
1410 937 1613 990 aptanda
1643 950 1817 978 novem

498 1004 748 1058 prioribus.
820 1006 1047 1059 Apostoli
1115 1011 1271 1047 autem
1339 1012 1449 1047 sunt
1507 1007 1645 1060 primi
1703 1013 1817 1061 post
1837 1022 1875 1043 10

502 1073 748 1128 Christum,
792 1089 991 1129 quorum
1023 1075 1229 1116 officium
1263 1081 1337 1117 est
1366 1077 1716 1130 preeminenter
1747 1090 1816 1118 se-

502 1145 703 1185 cundum
749 1145 1032 1199 sapienciam
1089 1151 1137 1186 et
1177 1145 1451 1187 missionem
1491 1146 1658 1200 capitis
1690 1146 1817 1187 mini-

501 1220 663 1266 strare,
709 1220 757 1256 et
788 1228 950 1256 eorum
983 1215 1190 1256 officium
1222 1222 1395 1269 gerunt
1432 1216 1660 1270 episcopi,
1698 1216 1820 1257 sicut

503 1283 672 1325 dicitur
701 1298 872 1339 papam
904 1298 1073 1339 gerere
1105 1285 1260 1325 vicem
1284 1285 1468 1329 Christi.
1500 1286 1602 1327 Nec
1625 1291 1820 1340 oportet

504 1356 793 1396 contendere
837 1354 961 1395 circa
992 1355 1189 1408 gradum
1223 1354 1554 1408 disposicionis
1591 1355 1875 1409 requisite15

504 1424 562 1464 ad
594 1437 699 1465 esse
733 1424 951 1478 apostoli,
995 1424 1105 1477 quia
1139 1429 1318 1464 certum
1351 1430 1424 1465 est
1462 1426 1588 1478 quod
1620 1431 1693 1465 est
1723 1424 1818 1465 lati-

502 1494 618 1535 tudo
676 1494 1071 1548 supereminentis
1134 1493 1467 1547 disposicionis
1531 1495 1590 1535 ad
1650 1500 1821 1536 statum

505 1564 818 1617 apostolicum
869 1564 1106 1618 requisita,
1160 1577 1252 1617 qua
1303 1564 1555 1605 deficiente
1608 1578 1703 1605 non
1750 1569 1824 1604 est

505 1635 751 1687 apostolus
796 1634 898 1675 sive
944 1634 1220 1688 episcopus;
1265 1647 1354 1674 nec
1397 1634 1651 1688 requiritur
1695 1634 1824 1688 quod

507 1704 719 1745 Christus
741 1704 914 1746 viando
936 1705 1092 1758 ipsum
1116 1704 1323 1758 elegerit,
1352 1710 1404 1745 ut
1423 1710 1558 1758 patet
1580 1706 1639 1745 de
1661 1704 1823 1757 Paulo,
1838 1717 1883 1740 20

505 1774 734 1829 Barnaba,
776 1775 916 1825 Luca,
968 1776 1130 1816 Marco
1182 1780 1230 1815 et
1272 1775 1487 1827 Matthia3
1537 1788 1626 1816 nec
1684 1776 1826 1816 obest

508 1846 634 1899 quod
684 1846 858 1886 habeat
899 1846 1044 1886 multa
1087 1844 1253 1899 officia,
1304 1858 1407 1885 cum
1448 1846 1453 1897 Ι
1493 1845 1667 1886 debeat
1718 1858 1826 1899 pro·
1868 1845 1947 1891 169d

507 1915 730 1969 pinquius
789 1916 926 1969 sequi
978 1915 1214 1956 Christum
1273 1920 1589 1956 assumentem
1647 1928 1824 1955 summe

507 1984 842 2027 ministratorie
882 1985 1088 2026 officium
1121 1990 1307 2038 septem
1340 1984 1567 2033 ordinum,
1613 1990 1666 2025 ut
1695 1990 1828 2038 patet

508 2054 629 2095 libro
663 2055 733 2095 IV
767 2055 972 2109 capitulo
1005 2054 1137 2097 VIII.
1172 2054 1287 2095 Ideo
1321 2054 1476 2095 officia
1508 2054 1620 2094 cleri
1651 2055 1883 2094 debent25

511 2138 618 2165 esse
641 2124 1050 2179 supereminenter
1079 2124 1126 2165 in
1149 2124 1379 2178 apostolis
1402 2128 1677 2178 aggregata,
1707 2123 1829 2164 sicut

510 2194 748 2248 sapiencia
780 2194 971 2235 excedit
1002 2193 1089 2234 alia
1119 2195 1256 2234 bona.

569 2263 624 2304 In
675 2265 886 2305 secundo
937 2263 1087 2318 gradu
1137 2268 1376 2317 ponuntur
1435 2262 1687 2316 prophete,
1750 2261 1830 2315 qui

512 2340 718 2388 possunt
754 2334 954 2388 intelligi
998 2333 1258 2374 secundum
1302 2332 1554 2373 scienciam
1592 2332 1828 2385 evangeli-

514 2410 672 2445 zantes
704 2404 990 2459 prophecias
1024 2405 1082 2444 de
1113 2402 1343 2457 preterito
1376 2408 1424 2443 et
1453 2402 1631 2450 futuro;
1675 2401 1888 2455 predi->30

515 2481 699 2516 catores
751 2475 941 2529 quidem
993 2475 1173 2514 debent
1221 2473 1390 2526 procul
1434 2471 1520 2512 fari
1561 2472 1705 2526 vulgo
1753 2473 1829 2512 ab·

515 2545 742 2599 scondita‚
774 2551 823 2586 et
854 2545 1113 2585 secundum
1137 2542 1391 2584 scienciam
1415 2547 1579 2596 aptare
1603 2541 1831 2583 auditorio

588 2690 631 2716 14.
651 2681 706 2709 AB
726 2681 756 2709 in
778 2689 892 2717 marg:
913 2680 1018 2709 Prima
1039 2680 1217 2713 ierarchia5
1237 2682 1283 2707 A:
1302 2680 1423 2715 primus
1435 2679 1566 2715 gradus.
1586 2678 1745 2706 lerarchie
1758 2685 1832 2713 quo-

515 2728 607 2755 modo
627 2728 658 2755 in
677 2727 807 2755 ecclesia
826 2731 896 2755 sunt
913 2728 1023 2763 posite.
1111 2734 1159 2754 22.
1181 2726 1299 2754 Codd.:
1320 2726 1464 2753 habeant.
1547 2724 1596 2753 28.
1616 2726 1646 2752 A
1665 2725 1696 2752 in
1716 2732 1830 2759 marg.:

517 2774 678 2802 secundus.

589 2847 618 2882 5.
645 2847 777 2880 Ibidem
805 2846 858 2879 28.
956 2846 1009 2878 25.
1043 2847 1079 2877 In
1113 2845 1203 2877 libro
1230 2846 1274 2876 lV
1300 2845 1366 2887 (De
1394 2844 1493 2876 Civili
1520 2843 1684 2876 Dominio
1710 2843 1751 2884 ΙΙ)
1777 2841 1833 2874 hic

518 2907 615 2938 locus
641 2916 709 2938 non
736 2911 836 2938 extat.
