2078 3338
207 276 296 304 CAP.
323 268 405 319 ΧΠ]
606 280 665 311 DE
692 280 971 312 PoTEsTATE
998 281 1127 314 ΡΑΡΕ.
1730 290 1810 327 349

206 382 348 437 igitur
381 384 619 436 quomodo
650 384 775 424 omni
806 384 1002 425 facinori
1045 386 1261 439 perversi
1287 387 1523 440 prepositi

206 465 345 504 quem
368 453 511 494 stulte
534 452 601 493 sic
622 453 808 507 preficit
831 459 903 495 est
924 467 1020 495 non
1042 455 1192 496 solum
1213 456 1522 497 consenciens

206 521 291 561 sed
339 521 494 575 ipsum
547 522 808 576 capitaliter
841 523 1152 571 auctorizans;
1208 538 1334 579 pape
1381 525 1524 580 igitur

206 590 491 632 sanctissimi
511 591 646 632 istam
671 592 1003 634 dominativam
1025 593 1219 634 formam
1244 595 1523 648 preficiendi

171 661 479 714 §prepositos
502 675 597 702 non
619 666 920 716 temptarunt.
956 662 1060 716 Que
1083 663 1228 719 igitur
1249 664 1520 718 prudencia,

204 730 332 783 quod
361 729 640 771 infirmiores
671 745 797 785 pape
828 732 919 772 hoc
951 732 1192 774 facerent?

260 798 391 851 Item,
423 813 570 853 grave
602 806 852 854 peccatum
886 807 961 843 est
990 802 1251 856 propositis
1286 816 1311 843 e
1339 803 1520 844 duabus

201 868 415 922 partibus
447 869 598 910 minus
630 871 756 911 bona
789 871 982 924 eligere,
1025 873 1111 912 sed
1141 873 1233 913 hoc
1266 886 1381 927 sepe
1414 886 1518 913 con-

200 938 342 990 tingit
390 939 437 979 in
487 939 804 993 preposituris
847 941 1110 994 papalibus,
1162 941 1306 996 igitur
1357 942 1519 996 sepius

147 1024 185 1045 10
201 1013 310 1048 sunt
359 1007 530 1061 inique.
592 1008 708 1061 Quis
749 1023 864 1064 ergo
911 1011 1043 1051 color
1082 1011 1519 1052 excommunicandi

200 1090 373 1130 omnes,
414 1077 493 1131 qui
522 1078 750 1119 resistunt
780 1071 956 1134 pagine
978 1085 1070 1120 tam
1101 1080 1270 1134 inique.
1309 1080 1405 1122 Iste
1437 1081 1517 1122 ita-

201 1160 293 1200 que
339 1160 468 1188 error
518 1161 636 1202 sepe
681 1148 891 1189 devolvit
935 1150 1218 1203 profundius
1263 1151 1393 1204 quod
1440 1165 1516 1192 ex-

201 1217 571 1258 communicetur
601 1230 820 1271 persona‚
854 1219 962 1272 quia
993 1219 1107 1260 facit
1137 1225 1188 1260 ut
1233 1220 1378 1261 debet
1411 1234 1516 1262 con-

198 1287 412 1328 formiter
441 1287 539 1341 legi
569 1287 676 1328 Dei.

144 1361 180 1393 15
255 1357 564 1410 Assumptum
595 1361 727 1411 patet
759 1371 821 1398 ex
851 1358 956 1412 hoc,
1004 1359 1134 1412 quod
1164 1359 1300 1401 Deus
1332 1360 1434 1400 vult
1469 1365 1516 1400 et

197 1427 402 1481 precipit
446 1428 575 1481 quod
617 1428 758 1469 homo
792 1428 938 1482 eligat
975 1428 1187 1482 pociora,
1232 1429 1341 1484 quia
1384 1429 1518 1471 aliter

198 1502 507 1538 excusaretur
528 1497 744 1549 stulticia,
767 1510 825 1538 ne
849 1497 1001 1552 sapiat
1019 1503 1267 1551 peccatum
1284 1505 1331 1540 et
1352 1499 1518 1540 liceret

195 1566 426 1607 voluntati
465 1567 559 1607 Dei
603 1567 859 1621 quamlibet
903 1568 1166 1609 deformari.
1226 1569 1515 1623 Principium

193 1635 338 1689 igitur
368 1642 536 1677 nature
570 1642 655 1688 est,
701 1638 828 1691 quod
871 1638 1013 1678 homo
1047 1638 1191 1693 eligat
1222 1638 1311 1679 sibi
1342 1639 1513 1690 utilius,

137 1704 302 1745 2oideo
347 1706 485 1759 plane
531 1708 746 1760 sequitur
790 1720 851 1747 ex
893 1707 1045 1761 primo
1094 1708 1329 1762 principio
1383 1710 1513 1763 quod

192 1775 333 1815 homo
367 1775 513 1818 debet
545 1776 611 1816 sic
643 1776 814 1817 facere.
846 1776 908 1817 Et
936 1778 1025 1817 hec
1056 1777 1183 1818 racio
1217 1791 1361 1832 quare
1391 1778 1510 1819 fides

194 1843 425 1897 scripture
472 1845 616 1886 docet
659 1859 793 1886 orare
839 1852 885 1887 et
926 1851 1095 1900 petere
1128 1847 1511 1889 condicionaliter

191 1913 356 1967 media,
401 1914 460 1955 de
505 1915 676 1968 quibus
721 1915 968 1969 ignoratur
1010 1921 1165 1957 utrum
1218 1916 1312 1958 sint
1361 1918 1508 1972 magis

191 1982 330 2024 utilia.
392 1984 494 2025 Nec
539 1985 731 2025 dubium
776 1985 887 2039 quin
931 1986 1040 2026 Deo
1084 1988 1213 2028 bono
1259 1986 1319 2027 sit
1361 1988 1507 2028 bene-

136 2057 174 2088 25
190 2053 427 2107 placitum,
461 2055 591 2108 quod
620 2056 761 2096 homo
793 2056 981 2096 laboret
1010 2056 1231 2097 continue
1265 2056 1386 2097 circa
1417 2056 1507 2098 sibi

71 2131 154 2172 248³
189 2122 363 2174 utilius,
397 2124 506 2178 quia
538 2125 671 2166 aliter
699 2127 704 2178 Ι
731 2125 857 2167 foret
887 2126 1087 2168 invidus.

245 2192 321 2232 Ex
350 2192 442 2234 isto
475 2194 638 2236 morali
665 2194 898 2249 principio
935 2195 1159 2249 sequitur,
1192 2196 1342 2250 primo
1377 2196 1505 2250 quod
1544 2205 1638 2269 hTici
1658 2207 1756 2269 pre-

186 2275 310 2316 papa
361 2263 505 2304 debet
556 2264 920 2306 sollicitudinem
971 2265 1133 2306 talium
1179 2265 1502 2319 provisionum
1527 2248 1540 2267 S
1566 2248 1779 2316 oufrpirfsmm

188 2331 422 2374 dimittere
446 2339 493 2375 et
516 2334 737 2389 occupari
760 2335 882 2376 circa
904 2335 1255 2376 edificacionem
1284 2334 1500 2389 ecclesie,
1561 2318 1746 2345 provmons.

130 2411 173 2443 30
188 2401 309 2443 sicut
339 2403 510 2445 Petrus
553 2404 705 2446 fuerat
749 2411 1023 2459 occupatus.
1076 2405 1184 2446 Hoc
1227 2404 1347 2445 enim
1379 2404 1502 2445 foret

187 2472 389 2513 ecclesie
421 2479 469 2514 et
501 2473 589 2514 sibi
619 2474 789 2516 utilius.
843 2474 997 2515 Nichil
1030 2474 1151 2515 enim
1184 2473 1380 2528 acquirit
1411 2473 1502 2516 sibi

184 2554 272 2593 per
312 2542 581 2583 huiusmodi
622 2543 922 2597 provisiones
968 2549 1016 2585 et
1048 2544 1158 2584 alias
1191 2543 1498 2584 dominativas

183 2611 555 2663 preeminencias
610 2612 936 2664 infundabiles,
995 2613 1035 2653 si
1089 2626 1185 2653 non
1241 2613 1499 2667 pecuniam,

183 2679 393 2722 favorem
426 2688 472 2722 et
503 2682 670 2722 famam
703 2683 861 2724 seculi.
913 2683 1030 2723 Nam
1062 2688 1316 2736 postquam
1348 2683 1498 2724 distri-

254 2864 297 2892 15.
329 2864 430 2892 Codd.
461 2865 492 2892 in
526 2873 638 2901 ma1·g.:
679 2865 868 2893 Distrihucio
900 2865 1118 2900 beneficiorum
1149 2867 1226 2902 quid
1256 2866 1377 2903 confert
1404 2876 1495 2903 pape.

185 2909 229 2938 31.
253 2909 350 2938 Codd.
373 2911 403 2938 in
424 2919 540 2947 marg:
561 2911 692 2947 Eligere
708 2912 838 2947 pociora
858 2912 947 2939 homo
967 2913 1031 2940 vult
1044 2913 1141 2941 Deus.
