2078 3338
243 292 296 329 30

269 1526 358 1561 They
379 1524 491 1553 should

279 1562 422 1590 attribute
443 1565 474 1587 to

253 1597 437 1625 themselves
458 1594 507 1621 the

291 1633 378 1661 office
398 1630 431 1657 of
450 1638 466 1656 a

280 1671 403 1695 servant
423 1664 482 1691 and

290 1703 409 1731 ascribe
429 1700 466 1727 all

252 1746 358 1775 power
377 1742 407 1763 to
429 1733 510 1762 God.

274 2484 422 2519 Example
444 2489 487 2511 set

248 2520 287 2556 by
306 2520 356 2546 the
376 2520 521 2555 apostles.

971 286 1194 317 JOHANNIS
1222 285 1407 317 WYCLtF
1682 271 1787 328 [CAP.
1807 280 1845 308 11.

533 396 671 431 ment.
694 388 818 440 VII).
852 389 949 429 Alii
980 395 1133 429 autem
1165 389 1312 443 magis
1344 388 1571 428 blasfeme
1600 401 1845 428 concesse-

531 466 636 500 rant
668 459 795 513 quod
826 459 960 498 Deus
993 471 1176 498 omnem
1209 457 1449 498 accionem
1491 457 1582 498 illis
1621 459 1679 498 ad
1714 463 1847 498 extra

534 529 842 570 communicat
883 534 1118 580 tamquam
1163 527 1266 568 eius
1298 527 1496 579 vicariis,
1542 534 1589 568 et
1629 527 1692 567 hii
1735 533 1845 568 tam—

534 613 670 653 quam
703 599 819 639 alter
846 598 1301 647 Nabuchodonosor,
1335 598 1392 637 de
1426 611 1519 651 quo
1541 598 1659 638 Dan.
1682 597 1764 649 IV,
1799 603 1847 638 et

532 671 648 710 alter
693 667 996 718 Senacherib,
1049 668 1108 707 de
1160 680 1253 720 quo
1299 666 1357 708 II.
1401 667 1602 720 Paralip.
1645 665 1878 708 XXXII5

530 738 785 778 vendicant
807 750 859 777 se
883 749 991 776 esse
1014 737 1170 777 socios
1194 736 1448 777 Trinitatis.
1482 736 1848 777 Considerarent

531 813 685 847 autem
718 806 893 847 dictum
915 805 1176 859 Augustini
1197 805 1244 845 II
1273 806 1348 846 De
1370 805 1666 846 Mirabilibus
1689 805 1845 859 Scrip-

530 883 635 918 ture
658 876 802 918 Sacre
826 889 927 929 cap.
950 875 1021 915 IV
1043 876 1281 928 quomodo
1306 876 1378 915 sol
1403 882 1451 916 et
1471 877 1580 916 luna
1612 880 1847 916 steterunt

534 952 698 987 contra
733 945 939 998 Gabaon,
982 958 1071 985 non
1115 946 1307 985 hnmani
1350 946 1538 998 imperii
1581 945 1848 986 anctoritate

530 1017 609 1057 sed
630 1016 822 1056 Domini
844 1015 1127 1067 imperantis.
1159 1014 1248 1061 Nil,
1272 1013 1433 1067 inquit,
1447 1018 1639 1068 propter
1658 1015 1848 1055 iubentis
1866 1029 1905 1049 10

530 1086 729 1126 hominis
752 1085 935 1125 verbnm
959 1083 1370 1137 creatiirefacinnt,
1392 1086 1471 1125 sed
1491 1085 1608 1137 qnod
1621 1084 1848 1125 Dominus

529 1156 653 1196 servi
680 1155 755 1195 sni
782 1155 987 1195 oracioni
1009 1152 1215 1194 obediens
1238 1154 1448 1207 precipit,
1482 1159 1530 1194 et
1552 1167 1649 1207 cap.
1671 1152 1848 1193 XXIV

532 1224 646 1265 dicit
692 1225 820 1278 quod
849 1224 983 1277 lepra
1012 1223 1220 1263 Naaman
1251 1229 1413 1264 sanata
1450 1229 1525 1264 est
1561 1225 1608 1264 in
1640 1236 1847 1264 sermone

531 1295 803 1348 imperantis
833 1294 931 1341 Dei,
966 1297 1005 1334 et
1035 1305 1125 1333 non
1156 1294 1204 1333 in
1235 1306 1286 1333 re
1317 1294 1473 1346 aliana
1503 1296 1846 1334 sacramentnm

532 1365 712 1405 virtutis
775 1365 1094 1413 continebatur,
1159 1367 1198 1403 et
1259 1364 1362 1404 hinc
1410 1363 1587 1404 Elizens
1643 1364 1846 1415 accipere
1866 1366 1901 1398 15

532 1447 728 1475 munera
770 1435 1008 1475 recusavit.
1061 1432 1122 1472 Et
1154 1432 1221 1472 sic
1255 1433 1566 1473 attribuerent
1597 1432 1687 1473 sibi
1718 1432 1846 1485 quod

533 1517 673 1544 servo
707 1509 780 1544 est
810 1503 1068 1557 proprium,
1111 1503 1472 1556 promulgando,
1518 1503 1759 1556 operando
1799 1507 1847 1542 et

532 1573 861 1627 promerendo,
896 1573 1023 1625 quod
1045 1573 1179 1612 Deus
1203 1571 1422 1625 dignatur
1442 1586 1531 1625 per
1551 1572 1657 1612 illos
1690 1571 1845 1611 facere

534 1643 767 1695 continue,
801 1642 1029 1683 sumendo
1062 1649 1114 1683 ut
1145 1643 1270 1683 servi
1302 1641 1537 1682 humiliter
1559 1642 1618 1681 de
1641 1654 1692 1681 se
1713 1641 1843 1694 ipsiS.

532 1712 629 1753 Ubi
660 1719 817 1753 autem
850 1713 1067 1753 dubitant
1099 1713 1157 1753 de
1190 1726 1278 1753 suo
1312 1725 1473 1765 opere,
1512 1712 1690 1751 debent
1719 1724 1845 1762 vere,
1863 1724 1905 1746 20

532 1782 756 1836 religiose
780 1788 827 1823 et
849 1797 1016 1823 secure
1038 1788 1184 1824 totam
1206 1782 1446 1823 accionem
1465 1782 1573 1822 Deo
1598 1781 1847 1829 ascribere,

535 1865 639 1892 cum
707 1858 899 1906 oportet
966 1866 1071 1893 eum
1136 1852 1294 1892 facere
1356 1864 1542 1891 omnem
1609 1850 1849 1891 accionem

536 1928 758 1964 creature.
821 1921 934 1963 Sive
995 1927 1152 1963 utatur
1210 1921 1353 1975 igitur
1410 1920 1460 1961 in
1519 1919 1603 1961 tali
1658 1920 1848 1961 accione

536 1998 747 2032 creatura
791 2005 874 2032 sua
916 1998 968 2032 ut
1012 2004 1191 2046 organo
1238 1991 1340 2031 sive
1371 2004 1479 2042 non,
1523 1989 1613 2030 sibi
1642 1990 1741 2030 laus
1776 1995 1849 2030 est

536 2062 695 2114 operis
752 2061 1012 2114 tribuenda,
1068 2061 1254 2102 laudem
1311 2065 1466 2101 autem
1525 2065 1737 2100 creature
1790 2060 1849 2099 de
1866 2063 1906 2096 25

537 2137 711 2184 quanto
744 2138 953 2172 meretur
997 2136 1190 2185 oportet
1213 2144 1320 2171 esse
1344 2134 1458 2183 aput
1476 2130 1632 2169 Deum
1655 2130 1849 2169 abscon-

537 2201 689 2252 ditam,
722 2203 847 2241 unde
879 2201 1234 2254 magnificantes
1267 2214 1399 2240 suam
1429 2199 1698 2253 potenciam
1719 2204 1849 2239 nota-

534 2276 642 2311 rent
684 2270 879 2310 formam
911 2270 1075 2310 utendi
1108 2275 1155 2310 et
1187 2269 1454 2309 ascribendi
1485 2274 1773 2321 potestatem
1803 2268 1851 2308 in

537 2339 710 2380 sanctis
756 2339 998 2393 apostolis,
1044 2344 1091 2379 et
1122 2338 1256 2379 nimis
1288 2351 1507 2392 magnum
1540 2337 1676 2386 foret,
1723 2337 1850 2391 quod

536 2410 686 2450 nostri
716 2409 821 2450 illos
855 2409 1161 2450 excederent.
1867 2412 1908 2444 30

595 2479 695 2532 Ipsi
727 2485 881 2519 autem
913 2492 1029 2532 sepe
1063 2478 1355 2528 confitentur,
1395 2478 1519 2530 quod
1549 2490 1644 2518 non
1674 2477 1851 2517 habent

536 2554 823 2602 potestatem
846 2548 936 2589 nisi
959 2549 1016 2589 ad
1039 2547 1389 2588 edificacionem
1413 2547 1625 2600 ecclesie,
1648 2553 1699 2587 ut
1718 2551 1853 2600 patet

608 2726 636 2754 7,
659 2719 686 2746 8.
709 2718 826 2746 Codd.:
852 2718 898 2745 III
919 2718 966 2745 De
991 2718 1190 2746 Mirabilibus
1206 2739 1212 2745 .
1229 2739 1234 2745 .
1252 2738 1257 2743 .
1275 2737 1281 2743 .
1302 2725 1369 2752 cap.
1389 2725 1422 2752 3.
1450 2717 1590 2744 Correxi.
1666 2724 1710 2744 12.
1732 2716 1849 2744 Codd.:

542 2764 615 2800 Cap.
641 2771 692 2792 22.
723 2765 860 2792 Correxi.
947 2773 989 2799 14.
1019 2764 1135 2792 Codd.:
1165 2772 1227 2792 non
1257 2764 1288 2790 in
1316 2771 1408 2798 aqua.
1439 2763 1576 2791 Correxi.
1661 2771 1703 2798 19.
1733 2761 1849 2790 Codd.:

538 2812 680 2838 continue
698 2812 851 2838 sunzando
871 2814 904 2838 ut
922 2816 1047 2846 supera.

609 2916 638 2947 7.
666 2907 712 2937 St.
740 2906 923 2947 Augustini
952 2906 1043 2947 Opp.
1072 2906 1123 2944 ΙΙΙ,
1153 2916 1182 2942 2,
1212 2914 1309 2936 1000.
