2078 3338
210 262 298 289 CAP.
319 250 375 308 11.]
604 263 664 296 DE
690 262 973 295 POTESTATE
1000 264 1134 295 PAPE.
1764 266 1787 303 3
1799 266 1812 291 1

209 367 267 408 ΙΙ.
313 367 519 410 Corinth.
562 367 626 417 X,
678 373 726 407 et
768 366 936 407 iterum
982 367 1265 407 confitentur
1309 367 1439 419 qubd
1480 380 1530 407 ve

96 441 172 474 ι68ὕ
209 438 302 478 illis
323 438 416 478 nisi
437 438 716 489 edificatorie
736 438 810 478 usi
837 436 841 492 Ι
859 437 1043 488 fuerint
1067 440 1293 489 potestate,
1323 442 1377 477 ut
1397 442 1530 489 patet

208 506 243 549 I.
269 505 477 547 Corinth.
501 506 587 559 IX,
619 510 686 546 16:
721 507 777 547 Ve
807 507 933 558 mihi,
965 507 1007 547 si
1036 519 1126 546 non
1148 507 1526 559 evangelizavero,

210 581 257 616 et
300 576 448 617 tercio
483 576 768 616 confitentur
800 589 851 616 se
896 589 992 616 non
1025 576 1197 615 audere
1238 575 1296 615 de
1329 589 1380 616 se
1411 576 1527 629 ipsis

177 645 340 699 §loqui
370 646 448 686 vel
481 645 580 685 aliis
612 645 702 685 nisi
734 646 862 699 quod
885 644 1097 685 Christus
1134 645 1180 685 in
1210 645 1277 685 eis
1308 645 1530 698 loquitur.

208 714 327 755 Nam
357 715 497 756 Rom.
528 714 637 768 XV,
677 718 724 755 18
771 715 834 755 ait
874 715 1164 768 Apostolus:
1207 715 1322 763 Non,
1366 714 1528 768 inquit,

208 786 353 825 audeo
386 786 563 837 aliquid
593 786 716 838 loqui
747 797 921 834 eorum,
953 798 1035 837 que
1058 797 1147 838 per
1174 798 1247 825 me
1276 798 1365 825 non
1389 786 1532 839 effecit

212 854 428 897 Christus.
469 853 684 895 Stulticia
713 854 858 907 igitur
888 854 1026 907 foret,
1059 855 1336 908 episcopum
1368 868 1532 895 cecum

206 924 517 965 infundabilia
547 929 598 965 et
617 924 927 978 inopinabilia
949 924 1008 964 de
1037 938 1088 965 se
1110 924 1218 978 ipso
1241 938 1528 978 presumere.

155 1011 194 1033 10
268 993 693 1047 Quantumcunque
737 994 897 1048 itaque
944 994 1088 1035 fuerit
1124 1008 1323 1048 magnus
1357 994 1571 1036 ChristiA
1592 1001 1705 1037 simple
1726 1003 1821 1037 priest

210 1064 480 1118 episcopus,
513 1079 610 1105 non
640 1070 805 1118 potest
837 1078 1118 1118 quemquam
1157 1066 1408 1106 absolvere
1439 1064 1530 1104 nisi
1570 1037 1798 1099 aebdstssffiffirio

209 1135 268 1175 de
316 1141 491 1188 quanto
538 1135 770 1176 contritus
813 1135 946 1189 prius
1000 1141 1048 1175 et
1093 1136 1337 1176 absolutus
1388 1133 1532 1174 fuerit
1557 1108 1809 1205 ὼκῗιεῖᾞεῃῖἷεᾶὃ

209 1205 336 1258 apud
356 1205 531 1253 Deum;
566 1211 614 1246 et
634 1211 748 1245 tunc
770 1205 960 1246 videtur
981 1205 1137 1246 multis
1161 1206 1290 1259 quod
1313 1204 1371 1244 de
1399 1209 1529 1244 tanto
1657 1187 1725 1214 ΟΝ

210 1274 408 1328 quilibet
438 1275 644 1328 simplex
675 1276 895 1315 sacerdos
927 1281 1097 1328 posset
1125 1275 1386 1326 absolvere,
1419 1287 1529 1328 ymo

156 1350 192 1382 15
210 1344 344 1398 quasi
388 1345 618 1386 contritus
663 1358 830 1385 secure
875 1345 1151 1398 absolvitur,
1200 1345 1292 1386 etsi
1332 1346 1532 1385 humana

210 1414 452 1455 absolucio
495 1428 591 1456 non
636 1420 875 1468 sequatur,
921 1415 1156 1456 dimittere
1194 1421 1349 1456 autem
1401 1427 1532 1455 suam

208 1484 420 1525 iniuriam
453 1485 575 1526 sicut
604 1491 855 1539 peccatum
885 1485 933 1525 in
963 1485 1119 1539 ipsum
1145 1490 1309 1539 potest
1332 1484 1533 1538 quilibet

211 1554 488 1596 christianus
513 1568 635 1608 eque
662 1556 805 1608 plene
826 1561 878 1596 ut
898 1568 1035 1609 papa,
1065 1555 1187 1596 sicut
1208 1554 1346 1608 ponit
1366 1554 1531 1595 Matth.

209 1623 279 1664 VI
325 1630 373 1665 et
409 1624 597 1666 XVIII.
651 1624 900 1677 Quomodo
945 1624 1091 1680 igitur
1135 1626 1333 1666 auderet
1365 1624 1530 1678 aliquis

154 1712 195 1733 20
211 1693 369 1734 dicere
414 1696 545 1748 quod
580 1695 686 1748 ipse
729 1695 874 1735 habet
905 1694 1205 1748 singulariter
1241 1700 1532 1748 potestatem

210 1764 492 1805 absolvendi
535 1778 881 1818 quemcumque
923 1770 1229 1818 peccatorem
1272 1778 1297 1805 a
1327 1778 1452 1819 pena
1485 1770 1533 1805 et

211 1847 236 1874 a
268 1835 431 1889 culpa?
483 1835 679 1876 Revera
709 1835 836 1876 foret
866 1835 1001 1876 nimis
1036 1834 1323 1887 damnabilis,
1356 1834 1436 1888 qui
1475 1835 1532 1874 ad

211 1905 545 1946 detrimentum
590 1904 793 1945 ecclesie
839 1910 1021 1945 tantum
1066 1905 1333 1946 incarcerat
1374 1903 1530 1944 huius-

209 1975 337 2015 modi
367 1979 672 2028 potestatem.

154 2052 194 2083 25
266 2044 329 2085 Et
351 2044 656 2086 conformiter
679 2043 850 2084 dicitur
868 2045 926 2084 de
948 2048 1191 2098 potestate
1211 2043 1530 2084 excommuni-
1608 2064 1650 2092 30
1671 2073 1704 2092 as
1724 2069 1756 2092 to

211 2114 346 2155 candi
376 2115 455 2155 vel
486 2114 716 2168 puniendi
747 2114 1009 2155 subiectos.
1048 2112 1200 2154 Nemo
1234 2113 1356 2154 enim
1387 2114 1533 2154 habet
1545 2108 1813 2167 caet'fggfnfflufflgn

209 2190 262 2226 ut
282 2186 542 2225 membrum
557 2184 731 2225 Christi
751 2189 1044 2238 potestatem
1065 2183 1293 2237 puniendi
1316 2183 1530 2237 aliquem,
1559 2170 1613 2231 ¹¹3?
1628 2171 1809 2240 ,ξῖᾗῑξῖζῖζζ

209 2254 300 2296 nisi
332 2256 390 2296 de
406 2259 600 2308 *quanto
631 2254 767 2295 Deus
798 2254 931 2308 prius
962 2253 1182 2307 punierit,
1218 2254 1348 2307 quod
1379 2254 1419 2294 si
1452 2267 1530 2293 ex·
1579 2240 1776 2302 thfflffl'ffi?

211 2325 347 2378 cedit,
378 2324 517 2379 punit
537 2329 590 2365 ut
610 2329 760 2365 tortor
781 2324 988 2378 dyaboli.
1021 2323 1083 2364 Et
1102 2323 1210 2363 hinc
1233 2323 1347 2364 dicit
1367 2324 1532 2377 Augu·
1599 2310 1763 2380 ρῇξῑξῖᾃζ,

153 2401 197 2433 -30
210 2395 360 2435 stinus
402 2395 450 2436 in
493 2397 569 2436 De
611 2395 907 2436 Mirabilib'us
952 2395 1195 2450 Scripture
1241 2409 1340 2449 cap.
1382 2393 1532 2435 XVII

211 2466 340 2519 quod
372 2465 509 2508 Isaac
545 2467 765 2508 benedixit
807 2479 897 2507 non
935 2465 1061 2507 Esau
1104 2479 1237 2518 quem
1269 2466 1422 2514 voluit,
1453 2465 1534 2505 sed

282 2658 309 2678 2.
330 2651 360 2677 A
379 2650 410 2677 in
431 2658 546 2685 marg:
573 2649 760 2677 Potestatem
778 2650 913 2685 apostolz
932 2658 1024 2685 quam
1048 2658 1081 2677 se
1100 2650 1206 2677 dicunt
1224 2648 1347 2676 habere.
1424 2656 1467 2676 10.
1493 2649 1530 2675 B:

211 2697 254 2725 ita
264 2697 382 2732 fuerit.
458 2704 507 2724 20.
522 2698 567 2724 A:
587 2696 729 2723 similiter
738 2699 923 2731 potestatem
934 2706 945 2729 ,·
966 2696 1019 2723 AB
1035 2696 1066 2723 in
1081 2704 1196 2731 marg.:
1218 2695 1382 2722 Dimittere
1390 2698 1530 2730 peccata.

212 2752 260 2780 29.
284 2745 322 2771 B:
343 2742 392 2771 Ex
411 2743 492 2770 hinc.

282 2841 335 2873 31.
368 2840 510 2871 Rectius
538 2840 772 2879 Quaestiones
809 2849 849 2871 ex
882 2840 991 2871 veteri
1026 2844 1250 2871 testamento.
1288 2839 1460 2877 Quaestio
1485 2838 1529 2869 XI

213 2901 305 2942 Opp.
331 2907 416 2931 tom.
444 2900 496 2938 111,
526 2908 555 2940 2,
585 2898 684 2930 1030.
