2078 3338
225 248 279 276 CA
292 248 322 274 Ρ.
350 238 432 294 mr]
625 251 684 282 DE
710 250 992 283 POTESTATE
1018 251 1148 282 PAPE.
1750 254 1825 292 32¹

225 354 478 394 omissione
509 367 635 407 pape
668 359 716 394 et
745 354 792 394 in
826 354 925 394 eius
949 354 1234 407 operacione
1258 355 1540 408 apostolica;

225 424 412 478 quando
444 423 593 478 magis
628 423 824 477 copiose
859 429 905 464 et
937 429 1117 464 attente
1151 422 1395 464 influeret?
1444 423 1543 465 Sed

223 494 396 534 nedum
430 495 562 534 abest
596 507 621 534 a
651 493 787 535 nobis
816 493 922 534 talis
947 493 1331 546 experimentalis
1354 494 1542 544 noticia,

224 564 310 603 sed
341 563 709 617 propinquiores
751 563 859 603 huic
904 563 1025 603 fonti
1069 569 1177 603 sunt
1207 562 1357 617 magis
1397 577 1422 603 a
1452 563 1543 603 Dei

189 632 522 676 §instinctibus
557 632 707 686 alieni,
746 646 857 686 ymo
893 646 996 672 cum
1028 645 1152 686 papa
1184 632 1245 672 sit
1278 633 1446 672 crebro
1478 632 1543 672 in-

221 701 374 743 fidelis
407 703 485 743 vel
518 716 693 756 expers
727 703 958 742 donorum
989 702 1083 742 Dei
1127 716 1264 755 quarn
1304 701 1403 742 eius
1437 704 1542 741 sub-

221 772 305 812 diti
355 772 503 826 magis
560 772 723 823 sancti,
782 772 973 813 videtur
1029 773 1158 825 quod
1209 785 1305 812 non
1350 776 1544 825 oportet

218 842 501 895 regulariter
530 843 655 882 hunc
688 843 836 883 solem
870 842 1190 895 eclipsabilem
1221 841 1288 883 sic
1319 841 1367 881 in
1400 855 1541 895 quos-

221 925 420 965 cumque
471 912 721 952 lucidiores
774 911 919 952 eciam
970 912 1078 965 plus
1128 913 1434 952 tenebrosum
1478 911 1540 951 in-

166 1003 204 1024 10
219 980 382 1024 fluere.

276 1050 379 1092 Nec
411 1051 540 1091 valet
572 1051 731 1091 dicere
764 1051 888 1104 quod
926 1064 1051 1104 papa
1074 1051 1153 1091 dat
1173 1051 1396 1101 habitum,
1430 1050 1539 1103 quia
1587 1058 1655 1085 Nor
1674 1067 1730 1085 can
1754 1060 1790 1086 he

219 1120 287 1161 sic
332 1122 611 1161 extolleretur
652 1133 791 1173 super
843 1133 976 1161 omne
1030 1122 1149 1173 quod
1191 1121 1360 1161 dicitur
1401 1094 1832 1172 Deus,r0?551‘{›¹31¹¹[3¹e¹n30en

220 1191 334 1230 dans
379 1197 808 1244 quantumcumque
853 1190 1081 1231 distanter
1125 1191 1271 1230 eciam
1320 1190 1539 1243 personis
1568 1164 1636 1190 GOd
1659 1164 1719 1191 and
1741 1173 1823 1192 man.

219 1259 326 1300 Deo
369 1260 576 1314 indignis
628 1260 886 1314 spiritualia
940 1261 1063 1300 dona
1107 1260 1213 1310 Dei,
1268 1260 1376 1313 quia
1428 1259 1540 1313 quid

166 1330 539 1383 15blasphemius
583 1331 662 1370 vel
705 1330 939 1370 infidelius
994 1343 1132 1383 quam
1177 1330 1306 1382 quod
1352 1334 1542 1383 oportet

218 1399 376 1440 Deum
400 1413 504 1440 cum
528 1400 653 1440 omni
675 1400 756 1440 tali
783 1413 1065 1440 concurrere
1099 1400 1382 1453 complendo
1417 1398 1540 1452 quic-

220 1468 333 1523 quid
383 1469 668 1523 promiserit.
730 1470 870 1510 Unde
924 1470 964 1510 si
1004 1469 1192 1511 habitus
1235 1470 1314 1509 vel
1366 1469 1541 1508 donum

219 1539 461 1593 spirituale
481 1539 576 1580 Dei
606 1540 831 1593 quiescat,
865 1539 930 1580 sic
954 1540 1083 1593 quod
1112 1553 1174 1579 ex
1204 1538 1385 1579 influxu
1415 1551 1540 1591 pape

216 1609 264 1649 in
296 1609 493 1650 animam
526 1609 729 1650 subiecti
761 1623 996 1663 quemque
1027 1609 1276 1649 inclinaret
1308 1609 1366 1648 ad
1403 1621 1539 1661 opUS,

158 1699 201 1722 20
220 1680 351 1732 quod
373 1680 741 1734 non-experitur
764 1679 976 1732 ecclesia,
1010 1680 1095 1720 sed
1120 1679 1219 1720 eius
1244 1678 1539 1728 contrarium,

218 1754 331 1789 tunc
378 1749 500 1790 enim
546 1751 741 1791 deesset
771 1750 916 1790 Petro
965 1755 1012 1790 et
1055 1749 1154 1790 aliis
1199 1748 1430 1802 apostolis
1474 1747 1539 1788 in-

217 1817 417 1859 fluencia
439 1819 515 1860 illa
539 1833 743 1870 cesarea,
768 1824 815 1859 et
838 1832 1001 1859 cesare
1019 1819 1288 1859 excedente
1304 1817 1539 1858 Christum

219 1892 267 1928 et
300 1888 399 1929 eius
429 1888 654 1929 vicarium
687 1889 1119 1942 correspondentes
1151 1889 1209 1928 ad
1243 1887 1540 1928 dotacionem

216 1958 295 1998 vel
325 1958 442 1999 ritus
476 1972 710 2010 cesareos,
745 1964 984 2000 cresceret
1019 1959 1094 1999 Vel
1126 1958 1430 1998 decresceret
1460 1970 1538 2010 po—

161 2041 200 2073 25
216 2033 364 2068 testas
397 2028 551 2069 taliter
581 2028 821 2069 influendi.

274 2098 350 2138 Ex
381 2098 507 2139 mille
540 2098 799 2140 evidenciis
831 2104 965 2152 patet
1008 2099 1138 2151 quod
1180 2097 1322 2138 nichil
1368 2102 1442 2137 est
1471 2097 1536 2137 in·
1569 2105 1636 2133 The
1657 2106 1805 2145 endqxxved

98 2179 179 2221 241b
214 2168 400 2209 fidelius
432 2169 525 2210 isto
557 2170 827 2223 porismate,
868 2169 996 2222 quod
1027 2173 1142 2222 post
1179 2169 1239 2208 do
1269 2166 1273 2223 Ι
1302 2167 1536 2208 tacionem
1593 2149 1778 2204 Αξῖῗῑῖῗηῖῑῖῑ,

218 2238 420 2279 ecclesia
450 2252 546 2279 non
576 2245 743 2292 potest
773 2239 862 2279 rite
894 2239 1159 2292 procedere
1189 2238 1289 2279 sine
1311 2237 1392 2277 tali
1413 2250 1538 2291 papa

218 2321 426 2350 cesareo.
477 2308 633 2349 Nichil
666 2308 788 2349 enim
820 2309 928 2361 plus
962 2313 1206 2348 accusaret
1238 2306 1537 2347 dotacionem

160 2391 202 2423 30
216 2379 294 2418 Vel
327 2384 468 2432 caput
489 2378 756 2420 huiusmodi
780 2379 838 2418 de
863 2377 1222 2418 condicionibus
1245 2376 1536 2426 Antichristi,

217 2448 346 2501 quod
376 2448 501 2489 foret
531 2449 844 2490 abhominacio
877 2448 1189 2496 desolacionis,
1221 2451 1349 2487 stans
1373 2447 1421 2486 in
1444 2448 1536 2486 loco

215 2521 383 2567 sancto,
422 2523 473 2559 ut
507 2518 779 2572 expositum
814 2523 886 2558 est
916 2517 963 2558 in
993 2517 1087 2557 fine
1119 2517 1230 2557 noni
1263 2515 1455 2570 capituli
1490 2521 1537 2555 et

216 2588 474 2628 concordat
497 2587 833 2642 Crysostomus
857 2586 1039 2627 Omelia
1070 2586 1231 2626 ultima
1254 2585 1426 2639 Operis
1450 2584 1536 2625 Im-

215 2657 429 2710 perfecti.
481 2658 576 2698 Pro
622 2657 754 2698 cuius
788 2670 956 2698 sensus
990 2656 1315 2697 declaracione
1349 2660 1536 2708 repeto,

286 2827 313 2856 3.
332 2827 431 2855 Codd.
446 2828 477 2855 in
494 2836 611 2863 marg.:
633 2827 714 2855 Fons
726 2835 820 2862 papa.
895 2835 921 2862 7.
940 2826 1037 2854 Codd.
1054 2827 1085 2854 in
1101 2834 1217 2862 marg:
1233 2827 1296 2854 Sol.
1372 2825 1417 2854 31.
1435 2826 1533 2854 Codd.

215 2875 246 2902 in
268 2883 382 2910 marg:
403 2875 625 2902 Abnominacio
648 2874 866 2902 desolacI'onis.
940 2873 988 2901 32.
1012 2873 1049 2901 ss:
1071 2876 1101 2900 et
1120 2874 1290 2908 expositum
1312 2877 1364 2901 est.

285 2940 325 2963 De
341 2940 492 2963 Potestate
508 2941 596 2967 Pape.
1355 2944 1371 2965 2
1383 2945 1391 2965 1
