2078 3338
165 286 253 314 CAP,
281 276 350 332 lvssl
559 289 616 320 DE
645 288 926 320 POTESTATE
953 288 1082 319 PAPE.

165 393 342 433 divisus
400 393 458 432 ad
509 393 792 445 placendum
826 392 964 432 uxori
1022 405 1118 444 sue,
1172 396 1222 431 ut
1271 391 1479 445 loquitur

162 463 429 516 Apostolus
452 462 483 502 I.
515 461 614 502 Cor.
651 461 756 504 VH.
790 462 851 501 Et
881 463 969 502 hec
1000 461 1127 502 racio
1161 475 1302 513 quare
1337 474 1478 515 opor-

164 532 253 572 tuit
282 533 439 585 legem
471 532 593 573 illam
635 545 820 572 cessare
866 537 913 571 et
944 544 1115 571 novam
1147 531 1395 583 introduci,
1428 536 1479 570 ut

165 602 333 642 dicitur
354 602 476 644 Heb.
501 602 605 643 VH.
641 601 738 643 Sed
769 602 882 641 illud
907 601 1158 640 calliditate
1183 600 1375 653 dyaboli
1408 605 1480 640 est

132 671 447 724 §frustratunn
494 685 596 712 cum
643 670 859 724 episcopi
901 670 1051 710 nostri
1094 669 1286 723 gravius
1337 669 1479 710 forni-

166 746 328 781 cantur
360 754 462 781 cuni
497 742 670 783 seculo.
709 740 808 782 Sed
840 745 1005 794 quarto
1038 739 1241 780 obicitur
1272 753 1359 792 per
1388 740 1479 779 hoc

165 811 293 863 quod
334 810 467 850 iuxta
511 811 680 851 dictam
733 809 1021 851 sentenciam
1078 809 1310 862 contingit
1361 809 1480 849 duos

165 880 423 934 episcopos
447 894 590 934 super
613 881 781 921 eodem
804 880 985 934 populo
1006 879 1238 932 legittime
1262 878 1481 930 ordinari3

165 950 291 1003 quod
315 951 540 1002 concedo,
574 964 677 990 cum
701 949 914 991 Christus
936 949 1188 989 animarum
1211 948 1480 989 necessario

110 1036 150 1058 ιω
166 1026 238 1060 est
261 1020 517 1073 episcopus
542 1020 792 1061 cuiuslibet
813 1019 979 1073 populi
1009 1018 1244 1059 christiani
1271 1024 1319 1058 et
1339 1019 1483 1060 habet

165 1091 333 1131 multos
379 1090 637 1144 episcopos
680 1089 883 1130 vicarios
928 1102 1074 1142 super
1107 1089 1272 1129 eodem
1303 1089 1481 1142 populo

164 1161 418 1202 adiutores.
471 1160 583 1214 Ipse
616 1166 770 1200 tamen
803 1160 1096 1199 excellenter
1129 1164 1177 1199 et
1211 1157 1484 1198 differenter

167 1236 240 1271 est
291 1230 548 1284 episcopus
602 1229 801 1270 ecclesie
846 1228 1176 1282 triumphantis
1230 1233 1278 1268 et
1329 1227 1483 1267 tocius

169 1299 372 1341 ecclesie
406 1299 658 1340 militantis.

51 1373 127 1417 178d
225 1369 459 1421 Similiter,
490 1370 654 1410 eedem
686 1382 905 1422 persone,
938 1383 1054 1422 quas
1105 1368 1292 1420 Petrus,
1322 1365 1327 1423 Ι
1366 1367 1485 1407 Pau-

165 1441 237 1480 lus
297 1445 345 1480 et
409 1440 555 1481 ceteri
613 1439 820 1493 apostoli
878 1438 1152 1479 ordinarunt
1214 1437 1486 1491 episcopos,

168 1523 261 1550 non
323 1511 632 1551 excluserunt
677 1522 759 1550 eos
822 1524 848 1549 a
904 1506 1352 1562 superintendencia
1406 1519 1487 1559 po-

167 1580 268 1634 puli
301 1581 386 1620 sed
417 1580 651 1633 iuverunt,
697 1584 749 1619 ut
779 1581 948 1619 beatus
983 1578 1200 1619 Clemens
1232 1590 1371 1630 quem
1402 1577 1487 1616 be-

168 1654 272 1690 atus
330 1650 502 1691 Petrus
561 1649 797 1690 ordinavit
853 1649 1114 1702 prudenter
1176 1653 1227 1688 ut
1296 1651 1489 1700 oportet

111 1732 151 1753 20
168 1719 324 1759 dicere
384 1719 662 1773 episcopum
714 1719 1038 1759 Romanorum
1095 1717 1184 1757 fuit
1240 1716 1487 1770 episcopa-

166 1788 233 1829 tui
288 1789 419 1829 Petri
481 1789 653 1829 nedum
719 1788 1068 1842 conpossibifis,
1133 1787 1218 1828 sed
1287 1786 1486 1837 adiutor,

166 1871 271 1898 nam
302 1858 349 1898 in
382 1859 580 1912 quadam
619 1858 823 1911 epistola
852 1857 982 1898 beati
1016 1855 1270 1898 Clementis
1309 1855 1489 1895 directa

165 1927 346 1979 Jacobo
370 1927 747 1979 Jerusalimitano
772 1927 839 1968 sic
863 1926 1102 1968 scribitur:
1134 1925 1304 1967 Beatus
1325 1925 1488 1965 Petrus

166 2001 308 2038 morte
338 1999 425 2038 sihi
456 1999 848 2051 appropinquante
880 1998 925 2038 in
949 1997 1131 2050 collegio
1153 1996 1369 2048 fi'cttrnm
1395 2007 1483 2047 po-

110 2071 148 2102 25
165 2067 280 2107 silus
312 2068 464 2120 ipsum
491 2067 762 2110 Clementem
788 2079 877 2120 per
897 2080 1090 2107 manum
1113 2065 1340 2118 accipiens
1361 2064 1485 2116 dixit,

165 2137 282 2177 hunc
317 2136 586 2178 Clementem
633 2138 892 2189 episcopmn
937 2137 1059 2177 vobis
1093 2136 1266 2185 ordino,
1311 2134 1388 2186 qni
1431 2134 1487 2173 ab

166 2206 301 2246 inicio
335 2219 508 2246 mecum
531 2206 640 2258 fuit.
673 2206 776 2246 Nec
807 2205 999 2246 dubium
1032 2205 1144 2258 quin
1178 2203 1296 2245 tanti
1320 2202 1486 2256 capitis

168 2275 405 2315 ordinacio
439 2289 576 2329 quam
615 2275 830 2329 oportuit
864 2288 924 2315 ex
957 2274 1137 2328 Spiritu
1167 2273 1343 2315 Sancto
1376 2285 1485 2326 pro-

170 2345 341 2385 cedere
385 2358 478 2385 non
524 2344 811 2385 instituisset
854 2344 1145 2385 Clementem
1191 2342 1485 2396 episcopum,

112 2419 153 2451 1³0
167 2413 257 2454 nisi
290 2415 348 2454 de
382 2414 510 2454 facto
543 2414 668 2454 foret
702 2414 976 2467 episcopus;
1010 2428 1121 2468 ymo
1144 2413 1333 2454 videtur
1360 2412 1488 2465 quod

169 2483 289 2523 sicut
322 2489 452 2524 aetus
486 2484 786 2537 episcopales
819 2497 914 2524 non
935 2489 1206 2537 repugnant
1232 2488 1330 2523 tam
1353 2481 1488 2521 simul

169 2566 305 2605 quam
352 2553 591 2606 paulative
637 2567 783 2607 super
828 2554 996 2593 eodem
1039 2554 1237 2607 populo,
1290 2551 1356 2592 sic
1399 2563 1487 2590 nec

238 2732 266 2759 9.
288 2724 360 2751 Ain
377 2732 490 2759 murga
512 2724 684 2760 Episcopos
703 2724 781 2751 duos
801 2727 862 2751 slat
882 2732 947 2751 esse
962 2731 1055 2759 super
1069 2723 1175 2750 eodem
1190 2722 1320 2758 populo.
1394 2721 1444 2749 30.
1467 2722 1488 2748 13

170 2771 199 2798 in
216 2778 328 2805 marg:
353 2771 458 2799 Plures
477 2771 637 2806 episcopos
653 2779 746 2806 super
759 2771 863 2798 eodem
877 2770 991 2806 populo
1008 2769 1163 2805 contingit
1177 2770 1316 2804 legitime
1330 2768 1487 2796 ordinari.

242 2854 294 2886 23.
323 2853 511 2885 Clementis
538 2854 561 2884 Ι.
580 2854 682 2885 Rom.
711 2859 805 2894 pont.
826 2854 917 2895 Opp.
945 2853 1060 2884 dubia.
1088 2853 1194 2894 Epist.
1216 2852 1340 2884 decret.
1361 2853 1486 2895 Migne⁷

172 2913 244 2944 l‘at.
272 2921 362 2943 curs.
390 2913 514 2952 compl.
544 2914 616 2943 Ser.
645 2912 775 2943 Graeca
802 2911 824 2954 l,
852 2911 930 2952 464.

1718 292 1767 329 73

1507 830 1609 857 There
1632 838 1701 867 may
1724 832 1758 858 be

1507 873 1592 892 more
1613 866 1683 892 than
1705 874 1763 893 one

1533 900 1643 935 bisliop
1663 901 1693 927 in
1716 909 1731 928 a

1525 935 1646 961 diocese
1667 935 1692 962 if
1708 936 1745 963 all

1511 970 1595 996 work
1617 970 1755 1004 iogethei·

1569 1005 1709 1041 usefully.
