2078 3338
173 277 262 306 CAP.
282 267 337 325 [1.]
572 285 631 316 DE
659 283 939 316 POTEsTATE
966 284 1094 316 PAPE.

173 398 458 438 sermonem3
506 393 555 427 et
598 387 664 428 sic
706 389 971 429 habuerunt
1016 390 1224 441 apostoli
1268 390 1488 432 alciorem

172 455 493 508 propheciam,
556 457 842 498 vivaciorem
902 463 951 498 et
1000 457 1149 510 magis
1201 459 1490 500 fructiferam

174 538 311 577 quam
367 526 605 579 prophete
663 527 840 568 Veteris
892 528 1174 581 testamenti,
1248 534 1299 569 ut
1354 535 1490 582 patet

172 593 229 635 II.
252 594 382 635 Petri
404 595 444 650 13
479 602 527 636 et
548 596 660 637 illud
684 597 826 637 credo
851 610 957 637 esse
987 611 1260 650 supremum
1283 598 1488 640 officium

141 665 497 716 5apostolorum
549 666 606 706 ad
658 672 792 707 extra
841 672 955 720 post
1006 667 1336 720 sapiencialem
1384 682 1487 709 con-

171 733 535 786 templacionem
587 736 644 776 ad
689 735 820 787 intra,
871 736 980 777 ideo
1027 735 1236 777 Christus
1290 743 1338 779 et
1388 738 1488 779 eius

173 802 375 855 apostoli
404 803 634 845 instanter
666 810 984 846 exercuerunt
1024 805 1140 846 illud
1178 806 1396 859 officium,
1438 813 1490 849 ut

172 877 304 925 patet
347 873 490 913 Marc.
536 874 616 915 ult.
663 880 711 915 et
748 874 783 914 Ι.
818 874 1025 916 Corinth.
1058 874 1093 917 I.
1145 874 1207 916 Et
1250 877 1307 916 ad
1348 877 1489 917 istum

174 954 364 981 sensum
384 941 654 997 intelligunt
676 943 862 997 quidam
884 943 997 984 illud
1020 943 1185 985 Matth.
1205 944 1396 993 XXIII,
1414 960 1487 998 34:

120 1030 158 1052 10
171 1011 282 1052 Ecce
298 1021 376 1064 ego
399 1014 525 1053 mitto
550 1015 612 1054 ad
633 1026 711 1054 vos
725 1015 987 1067 prophetas,
1009 1015 1235 1067 sapientes
1256 1019 1295 1056 et
1315 1017 1491 1058 scribas

173 1085 212 1122 et
242 1083 472 1135 apostolos
504 1086 541 1122 et
573 1084 884 1135 evangelistas.

230 1151 286 1191 In
342 1152 491 1193 tercio
552 1158 705 1193 autem
761 1153 909 1207 gradu
967 1158 1074 1193 sunt
1133 1153 1357 1194 doctores
1410 1154 1490 1208 qui

172 1234 385 1262 seorsum
423 1223 481 1262 ad
519 1227 700 1275 partem
736 1222 837 1263 sive
869 1223 1118 1263 scolastice
1163 1223 1265 1264 sive
1301 1224 1490 1278 private

174 1291 350 1332 docent
381 1291 751 1346 evangelizatum
775 1293 852 1333 vel
883 1293 1262 1346 prophetizatum
1283 1293 1490 1347 publice.

121 1360 234 1401 15Et
263 1360 353 1401 illis
389 1363 736 1415 correspondet
781 1362 953 1403 donum
996 1362 1119 1412 fidei,
1165 1376 1268 1403 cum
1314 1364 1492 1403 debent

174 1436 449 1471 constanter
481 1432 655 1472 docere
685 1432 827 1472 rudes
859 1431 1006 1473 instar
1039 1431 1220 1482 Christi,
1253 1432 1333 1486 qui
1365 1433 1491 1473 domi

174 1501 376 1541 docebat
434 1514 543 1542 suas
601 1501 868 1555 predicatas
924 1503 1186 1555 parabolas,
1251 1508 1303 1543 ut
1356 1508 1491 1556 patet

172 1570 314 1612 Marc,
349 1569 431 1611 IV.

230 1639 408 1682 Habito
439 1640 599 1695 itaque
630 1647 771 1695 pastu
797 1641 972 1695 triplici
1004 1642 1264 1683 secundum
1295 1642 1490 1696 primam

117 1727 157 1747 20
172 1710 460 1764 yerarchiam
503 1710 814 1764 recipientem
847 1725 871 1751 a
901 1711 1008 1752 Deo
1054 1711 1143 1752 sibi
1186 1718 1283 1752 tres
1315 1712 1490 1765 gradus

174 1780 510 1833 exemplariter
562 1780 619 1820 ad
669 1780 863 1833 primam
907 1780 1196 1834 yerarchiam
1250 1781 1487 1828 celestem,

173 1854 522 1903 consequenter
559 1849 697 1903 ponit
740 1849 979 1903 quomodo
1026 1849 1310 1903 suffragatur
1339 1849 1489 1891 virtus

1724 292 1776 332 37

1539 1169 1567 1198 3.
1588 1168 1731 1195 Doctors.

1557 1673 1585 1699 A
1606 1671 1720 1699 second

1551 1706 1725 1742 hierarchy.

1565 1750 1587 1769 1.
1608 1742 1720 1769 Lower

1539 1776 1694 1804 members
1714 1776 1749 1804 of

1543 1812 1595 1839 1he
1616 1810 1739 1839 Church

1521 1847 1592 1873 who
1613 1846 1758 1874 manifest

1526 1881 1578 1908 the
1600 1881 1698 1920 Spirit
1718 1882 1757 1917 by

172 1919 378 1962 inferior.
399 1919 462 1960 Et
484 1919 637 1960 omnia
658 1919 747 1960 ista
775 1919 1073 1961 manifestant
1094 1920 1335 1973 quomodo
1356 1921 1489 1961 Deus
1504 1916 1629 1944 various
1655 1921 1781 1946 wrmes-

176 1989 256 2043 qui
287 1994 362 2030 est
393 1989 584 2043 spiritus
621 1989 782 2030 rutilat
815 1988 944 2030 varie
975 1989 1023 2030 in
1054 1989 1321 2031 hominibus
1355 1990 1490 2031 donis

119 2065 159 2097 25
177 2059 286 2100 suis.
348 2058 482 2100 Sicut
525 2059 647 2099 enim
690 2059 844 2099 fumus
887 2059 1064 2100 indicat
1099 2059 1260 2113 ignem
1304 2073 1329 2100 a
1366 2059 1490 2116 quo}

53 2138 132 2178 ¹70⁹
178 2128 389 2181 efficitur,
421 2129 489 2170 sic
522 2129 734 2183 quelibet
768 2134 981 2170 creatura
1004 2129 1184 2170 habens
1207 2130 1493 2171 variabiliter

174 2199 332 2239 lumen
375 2199 562 2240 virtutis
615 2200 737 2240 sicut
787 2199 943 2240 radius
996 2199 1109 2240 dicit
1158 2200 1325 2242 lucem.
1374 2200 1492 2241 Ideo

176 2268 445 2322 Apostolus
501 2275 642 2310 vocat
710 2270 799 2310 hec
872 2270 995 2310 dona
1063 2269 1494 2311 manifestacionem

175 2339 379 2392 spiritus.
430 2339 526 2380 Alii
571 2345 725 2380 autem
773 2341 950 2380 habent
1001 2339 1223 2380 virtutem
1266 2345 1319 2380 ut
1360 2340 1493 2381 Deus

121 2408 317 2448 3ofaciat
358 2422 445 2462 per
489 2423 572 2450 eos
615 2409 859 2460 mirabilia3
903 2423 992 2463 per
1021 2410 1113 2450 hoc
1146 2408 1268 2450 enim
1301 2410 1494 2463 spiritus

176 2479 386 2532 pascitur
430 2485 477 2520 et
507 2479 656 2520 virtus
689 2479 838 2520 anime
869 2481 1133 2528 roboratur,
1181 2479 1267 2520 sed
1297 2480 1388 2520 hoc
1422 2485 1496 2520 est

176 2549 412 2589 modicum
443 2549 491 2590 in
525 2549 883 2604 comparacione
916 2550 974 2590 ad
1004 2549 1174 2603 priora,
1208 2549 1330 2590 sicut
1350 2549 1494 2590 modi-

180 2632 284 2659 cum
316 2619 376 2659 sit
408 2620 537 2672 quod
566 2618 769 2673 Spiritus
794 2617 996 2660 Sanctus
1020 2617 1236 2672 apparuit
1264 2619 1494 2672 apostolis

178 2688 226 2729 in
262 2688 435 2742 linguis
478 2688 646 2742 igneis,
689 2688 779 2729 nisi
823 2701 906 2729 eos
950 2688 1232 2729 illustrasset
1274 2687 1470 2729 interius
1481 2703 1491 2740 3

252 2878 297 2897 10.
317 2870 357 2897 B:
377 2870 573 2906 proplzecias.
649 2879 693 2899 12.
713 2872 742 2898 A
763 2871 794 2898 in
815 2879 929 2906 marg:
956 2871 1088 2903 tercius‚·
1111 2871 1152 2898 ib.
1175 2871 1212 2899 B:
1239 2871 1380 2898 doctores
1399 2871 1495 2898 deest.

183 2916 233 2943 25.
254 2917 297 2944 A:
318 2917 362 2944 sie
382 2916 471 2944 enim.
547 2925 594 2952 29.
617 2917 670 2944 AB
691 2917 722 2944 in
743 2925 858 2952 marg:
878 2917 1042 2946 lerarchia
1061 2916 1207 2945 secunda.
