<?xml version="1.0" encoding="UTF-8"?>
<!DOCTYPE html PUBLIC "-//W3C//DTD XHTML 1.0 Transitional//EN"
    "http://www.w3.org/TR/xhtml1/DTD/xhtml1-transitional.dtd">
<html xmlns="http://www.w3.org/1999/xhtml" xml:lang="en" lang="en">
 <head>
  <title>
</title>
<meta http-equiv="Content-Type" content="text/html;charset=utf-8" />
  <meta name='ocr-system' content='tesseract 3.04.00' />
  <meta name='ocr-capabilities' content='ocr_page ocr_carea ocr_par ocr_line ocrx_word'/>
</head>
<body>
  <div class='ocr_page' id='page_1' title='image "./tractatusdepotes00wycl_0379.png"; bbox 0 0 2078 3338; ppageno 0'>
   <div class='ocr_carea' id='block_1_1' title="bbox 187 270 1103 327">
    <p class='ocr_par' dir='ltr' id='par_1_1' title="bbox 187 270 1103 327">
     <span class='ocr_line' id='line_1_1' title="bbox 187 270 1103 327; baseline 0.011 -20"><span class='ocrx_word' id='word_1_1' title='bbox 187 279 275 308; x_wconf 88' lang='lat' dir='ltr'>CAP.</span> <span class='ocrx_word' id='word_1_2' title='bbox 301 270 384 327; x_wconf 74' lang='grc' dir='ltr'>ΧΠ]</span> <span class='ocrx_word' id='word_1_3' title='bbox 582 284 641 315; x_wconf 85' lang='lat' dir='ltr'>DE</span> <span class='ocrx_word' id='word_1_4' title='bbox 667 284 948 317; x_wconf 70' lang='lat' dir='ltr'>POTESTATE</span> <span class='ocrx_word' id='word_1_5' title='bbox 974 285 1103 318; x_wconf 78' lang='lat' dir='ltr'><strong>PAPE.</strong></span> 
     </span>
    </p>
   </div>
   <div class='ocr_carea' id='block_1_2' title="bbox 58 387 1504 2747">
    <p class='ocr_par' dir='ltr' id='par_1_2' title="bbox 184 387 1498 569">
     <span class='ocr_line' id='line_1_2' title="bbox 184 387 1498 442; baseline 0.002 -15"><span class='ocrx_word' id='word_1_6' title='bbox 184 391 352 440; x_wconf 87' lang='lat' dir='ltr'>putant</span> <span class='ocrx_word' id='word_1_7' title='bbox 384 400 488 428; x_wconf 90' lang='lat' dir='ltr'>cum</span> <span class='ocrx_word' id='word_1_8' title='bbox 521 388 646 428; x_wconf 93' lang='lat' dir='ltr'>clero</span> <span class='ocrx_word' id='word_1_9' title='bbox 677 387 937 429; x_wconf 86' lang='lat' dir='ltr'>infatuante</span> <span class='ocrx_word' id='word_1_10' title='bbox 971 388 1199 440; x_wconf 77' lang='lat' dir='ltr'>dominos,</span> <span class='ocrx_word' id='word_1_11' title='bbox 1244 388 1373 442; x_wconf 89' lang='lat' dir='ltr'>quod</span> <span class='ocrx_word' id='word_1_12' title='bbox 1402 401 1498 429; x_wconf 91' lang='lat' dir='ltr'>non</span> 
     </span>
     <span class='ocr_line' id='line_1_3' title="bbox 185 457 1498 500; baseline 0.002 -3"><span class='ocrx_word' id='word_1_13' title='bbox 185 462 331 498; x_wconf 88' lang='lat' dir='ltr'>staret</span> <span class='ocrx_word' id='word_1_14' title='bbox 373 457 473 498; x_wconf 91' lang='lat' dir='ltr'>sine</span> <span class='ocrx_word' id='word_1_15' title='bbox 519 457 683 499; x_wconf 83' lang='lat' dir='ltr'>ordine</span> <span class='ocrx_word' id='word_1_16' title='bbox 714 458 850 499; x_wconf 89' lang='lat' dir='ltr'>huius</span> <span class='ocrx_word' id='word_1_17' title='bbox 884 458 995 499; x_wconf 87' lang='lat' dir='ltr'>cleri</span> <span class='ocrx_word' id='word_1_18' title='bbox 1028 458 1207 500; x_wconf 87' lang='lat' dir='ltr'>cesarei</span> <span class='ocrx_word' id='word_1_19' title='bbox 1245 458 1498 499; x_wconf 91' lang='lat' dir='ltr'>dominium</span> 
     </span>
     <span class='ocr_line' id='line_1_4' title="bbox 186 527 408 569; baseline 0.009 -3"><span class='ocrx_word' id='word_1_20' title='bbox 186 527 408 569; x_wconf 87' lang='lat' dir='ltr'>seculare.</span> 
     </span>
    </p>

    <p class='ocr_par' dir='ltr' id='par_1_3' title="bbox 244 595 1499 652">
     <span class='ocr_line' id='line_1_5' title="bbox 244 595 1499 652; baseline 0.002 -15"><span class='ocrx_word' id='word_1_21' title='bbox 244 595 341 638; x_wconf 90' lang='lat' dir='ltr'>Sed</span> <span class='ocrx_word' id='word_1_22' title='bbox 392 598 554 638; x_wconf 89' lang='lat' dir='ltr'>ambos</span> <span class='ocrx_word' id='word_1_23' title='bbox 605 597 724 638; x_wconf 90' lang='lat' dir='ltr'>istos</span> <span class='ocrx_word' id='word_1_24' title='bbox 776 598 911 638; x_wconf 86' lang='lat' dir='ltr'>simul</span> <span class='ocrx_word' id='word_1_25' title='bbox 956 598 1186 639; x_wconf 82' lang='lat' dir='ltr'>convinco</span> <span class='ocrx_word' id='word_1_26' title='bbox 1239 598 1499 652; x_wconf 81' lang='lat' dir='ltr'>tripliciter,</span> 
     </span>
    </p>

    <p class='ocr_par' dir='ltr' id='par_1_4' title="bbox 152 666 1501 1001">
     <span class='ocr_line' id='line_1_6' title="bbox 152 666 1500 722; baseline 0.001 -16"><span class='ocrx_word' id='word_1_27' title='bbox 152 666 336 719; x_wconf 85' lang='lat' dir='ltr'>5primo</span> <span class='ocrx_word' id='word_1_28' title='bbox 367 667 414 708; x_wconf 90' lang='lat' dir='ltr'>in</span> <span class='ocrx_word' id='word_1_29' title='bbox 452 668 542 708; x_wconf 90' lang='lat' dir='ltr'>hoc</span> <span class='ocrx_word' id='word_1_30' title='bbox 575 668 704 721; x_wconf 84' lang='lat' dir='ltr'>quod</span> <span class='ocrx_word' id='word_1_31' title='bbox 734 668 951 722; x_wconf 83' lang='lat' dir='ltr'>perfecte</span> <span class='ocrx_word' id='word_1_32' title='bbox 984 667 1117 709; x_wconf 88' lang='lat' dir='ltr'>stetit</span> <span class='ocrx_word' id='word_1_33' title='bbox 1161 668 1364 709; x_wconf 89' lang='lat' dir='ltr'>ecclesia</span> <span class='ocrx_word' id='word_1_34' title='bbox 1396 681 1500 709; x_wconf 90' lang='lat' dir='ltr'>cum</span> 
     </span>
     <span class='ocr_line' id='line_1_7' title="bbox 185 737 1499 792; baseline 0.002 -16"><span class='ocrx_word' id='word_1_35' title='bbox 185 737 386 777; x_wconf 90' lang='lat' dir='ltr'>seculari</span> <span class='ocrx_word' id='word_1_36' title='bbox 409 737 611 778; x_wconf 87' lang='lat' dir='ltr'>dominio</span> <span class='ocrx_word' id='word_1_37' title='bbox 636 738 862 779; x_wconf 81' lang='lat' dir='ltr'>trecentis</span> <span class='ocrx_word' id='word_1_38' title='bbox 887 738 1015 779; x_wconf 88' lang='lat' dir='ltr'>annis</span> <span class='ocrx_word' id='word_1_39' title='bbox 1037 744 1149 792; x_wconf 88' lang='lat' dir='ltr'>post</span> <span class='ocrx_word' id='word_1_40' title='bbox 1177 737 1499 779; x_wconf 81' lang='lat' dir='ltr'>ascensionem</span> 
     </span>
     <span class='ocr_line' id='line_1_8' title="bbox 186 806 1501 862; baseline 0.001 -15"><span class='ocrx_word' id='word_1_41' title='bbox 186 806 357 847; x_wconf 87' lang='lat' dir='ltr'>Christi</span> <span class='ocrx_word' id='word_1_42' title='bbox 390 812 437 848; x_wconf 92' lang='lat' dir='ltr'>et</span> <span class='ocrx_word' id='word_1_43' title='bbox 468 807 678 861; x_wconf 74' lang='lat' dir='ltr'>amplius,</span> <span class='ocrx_word' id='word_1_44' title='bbox 712 808 897 862; x_wconf 88' lang='lat' dir='ltr'>quando</span> <span class='ocrx_word' id='word_1_45' title='bbox 930 821 1026 848; x_wconf 91' lang='lat' dir='ltr'>non</span> <span class='ocrx_word' id='word_1_46' title='bbox 1057 807 1145 849; x_wconf 88' lang='lat' dir='ltr'>fuit</span> <span class='ocrx_word' id='word_1_47' title='bbox 1175 807 1281 848; x_wconf 91' lang='lat' dir='ltr'>talis</span> <span class='ocrx_word' id='word_1_48' title='bbox 1311 821 1423 848; x_wconf 89' lang='lat' dir='ltr'>ceca</span> <span class='ocrx_word' id='word_1_49' title='bbox 1455 813 1501 848; x_wconf 93' lang='lat' dir='ltr'>et</span> 
     </span>
     <span class='ocr_line' id='line_1_9' title="bbox 184 876 1499 932; baseline 0.002 -16"><span class='ocrx_word' id='word_1_50' title='bbox 184 889 427 918; x_wconf 86' lang='lat' dir='ltr'>venenosa</span> <span class='ocrx_word' id='word_1_51' title='bbox 449 878 648 920; x_wconf 91' lang='lat' dir='ltr'>dotacio.</span> <span class='ocrx_word' id='word_1_52' title='bbox 682 876 734 919; x_wconf 86' lang='lat' dir='ltr'>Si</span> <span class='ocrx_word' id='word_1_53' title='bbox 763 878 909 932; x_wconf 82' lang='lat' dir='ltr'>igitur</span> <span class='ocrx_word' id='word_1_54' title='bbox 939 883 1052 919; x_wconf 88' lang='lat' dir='ltr'>tunc</span> <span class='ocrx_word' id='word_1_55' title='bbox 1076 878 1227 919; x_wconf 86' lang='lat' dir='ltr'>crevit</span> <span class='ocrx_word' id='word_1_56' title='bbox 1248 882 1499 931; x_wconf 88' lang='lat' dir='ltr'>utrumque</span> 
     </span>
     <span class='ocr_line' id='line_1_10' title="bbox 182 945 1498 1001; baseline 0.001 -15"><span class='ocrx_word' id='word_1_57' title='bbox 182 945 378 987; x_wconf 86' lang='lat' dir='ltr'>istorum</span> <span class='ocrx_word' id='word_1_58' title='bbox 421 949 737 989; x_wconf 88' lang='lat' dir='ltr'>membrorum</span> <span class='ocrx_word' id='word_1_59' title='bbox 771 947 987 999; x_wconf 83' lang='lat' dir='ltr'>ecclesie,</span> <span class='ocrx_word' id='word_1_60' title='bbox 1034 952 1082 988; x_wconf 92' lang='lat' dir='ltr'>et</span> <span class='ocrx_word' id='word_1_61' title='bbox 1122 953 1237 1001; x_wconf 91' lang='lat' dir='ltr'>post</span> <span class='ocrx_word' id='word_1_62' title='bbox 1274 947 1498 997; x_wconf 85' lang='lat' dir='ltr'>decrevit,</span> 
     </span>
    </p>

    <p class='ocr_par' dir='ltr' id='par_1_5' title="bbox 131 1015 1502 1350">
     <span class='ocr_line' id='line_1_11' title="bbox 131 1015 1500 1071; baseline 0.003 -18"><span class='ocrx_word' id='word_1_63' title='bbox 131 1030 169 1052; x_wconf 94' lang='lat'>10</span> <span class='ocrx_word' id='word_1_64' title='bbox 185 1015 331 1056; x_wconf 87' lang='lat' dir='ltr'>eciam</span> <span class='ocrx_word' id='word_1_65' title='bbox 363 1030 611 1071; x_wconf 88' lang='lat' dir='ltr'>quousque</span> <span class='ocrx_word' id='word_1_66' title='bbox 650 1023 902 1071; x_wconf 89' lang='lat' dir='ltr'>utrumque</span> <span class='ocrx_word' id='word_1_67' title='bbox 932 1016 1129 1058; x_wconf 89' lang='lat' dir='ltr'>istorum</span> <span class='ocrx_word' id='word_1_68' title='bbox 1159 1016 1364 1071; x_wconf 91' lang='lat' dir='ltr'>capitum</span> <span class='ocrx_word' id='word_1_69' title='bbox 1396 1016 1500 1057; x_wconf 87' lang='lat' dir='ltr'>reli-</span> 
     </span>
     <span class='ocr_line' id='line_1_12' title="bbox 185 1086 1501 1141; baseline 0.001 -16"><span class='ocrx_word' id='word_1_70' title='bbox 185 1099 326 1138; x_wconf 90' lang='lat' dir='ltr'>quum</span> <span class='ocrx_word' id='word_1_71' title='bbox 360 1086 651 1127; x_wconf 80' lang='lat' dir='ltr'>destruxerit</span> <span class='ocrx_word' id='word_1_72' title='bbox 681 1088 737 1127; x_wconf 90' lang='lat' dir='ltr'>ad</span> <span class='ocrx_word' id='word_1_73' title='bbox 767 1100 863 1127; x_wconf 91' lang='lat' dir='ltr'>non</span> <span class='ocrx_word' id='word_1_74' title='bbox 891 1086 1100 1141; x_wconf 80' lang='lat' dir='ltr'>gradum,</span> <span class='ocrx_word' id='word_1_75' title='bbox 1134 1087 1374 1140; x_wconf 88' lang='lat' dir='ltr'>quomodo</span> <span class='ocrx_word' id='word_1_76' title='bbox 1406 1099 1501 1126; x_wconf 88' lang='lat' dir='ltr'>non</span> 
     </span>
     <span class='ocr_line' id='line_1_13' title="bbox 185 1155 1502 1210; baseline 0.001 -15"><span class='ocrx_word' id='word_1_77' title='bbox 185 1160 258 1195; x_wconf 93' lang='lat' dir='ltr'>est</span> <span class='ocrx_word' id='word_1_78' title='bbox 309 1156 520 1208; x_wconf 79' lang='lat' dir='ltr'>evidens,</span> <span class='ocrx_word' id='word_1_79' title='bbox 574 1158 703 1210; x_wconf 87' lang='lat' dir='ltr'>quod</span> <span class='ocrx_word' id='word_1_80' title='bbox 753 1162 998 1210; x_wconf 89' lang='lat' dir='ltr'>utramque</span> <span class='ocrx_word' id='word_1_81' title='bbox 1055 1156 1248 1197; x_wconf 90' lang='lat' dir='ltr'>istarum</span> <span class='ocrx_word' id='word_1_82' title='bbox 1292 1155 1502 1210; x_wconf 88' lang='lat' dir='ltr'>parcium</span> 
     </span>
     <span class='ocr_line' id='line_1_14' title="bbox 183 1224 1500 1280; baseline 0.002 -16"><span class='ocrx_word' id='word_1_83' title='bbox 183 1224 309 1266; x_wconf 89' lang='lat' dir='ltr'>foret</span> <span class='ocrx_word' id='word_1_84' title='bbox 351 1227 478 1267; x_wconf 85' lang='lat' dir='ltr'>viare</span> <span class='ocrx_word' id='word_1_85' title='bbox 522 1227 629 1280; x_wconf 92' lang='lat' dir='ltr'>plus</span> <span class='ocrx_word' id='word_1_86' title='bbox 672 1240 902 1280; x_wconf 88' lang='lat' dir='ltr'>prospere</span> <span class='ocrx_word' id='word_1_87' title='bbox 947 1227 1106 1280; x_wconf 87' lang='lat' dir='ltr'>quoad</span> <span class='ocrx_word' id='word_1_88' title='bbox 1137 1226 1292 1266; x_wconf 90' lang='lat' dir='ltr'>Deum</span> <span class='ocrx_word' id='word_1_89' title='bbox 1337 1231 1385 1266; x_wconf 93' lang='lat' dir='ltr'>et</span> <span class='ocrx_word' id='word_1_90' title='bbox 1420 1226 1500 1266; x_wconf 90' lang='lat' dir='ltr'>ho-</span> 
     </span>
     <span class='ocr_line' id='line_1_15' title="bbox 182 1295 1500 1350; baseline 0.001 -15"><span class='ocrx_word' id='word_1_91' title='bbox 182 1295 331 1336; x_wconf 89' lang='lat' dir='ltr'>mines</span> <span class='ocrx_word' id='word_1_92' title='bbox 352 1297 549 1338; x_wconf 88' lang='lat' dir='ltr'>reducta</span> <span class='ocrx_word' id='word_1_93' title='bbox 571 1297 628 1338; x_wconf 87' lang='lat' dir='ltr'>ad</span> <span class='ocrx_word' id='word_1_94' title='bbox 658 1296 870 1337; x_wconf 87' lang='lat' dir='ltr'>ordinem</span> <span class='ocrx_word' id='word_1_95' title='bbox 893 1296 1096 1338; x_wconf 86' lang='lat' dir='ltr'>ecclesie</span> <span class='ocrx_word' id='word_1_96' title='bbox 1125 1310 1266 1350; x_wconf 89' lang='lat' dir='ltr'>quem</span> <span class='ocrx_word' id='word_1_97' title='bbox 1289 1295 1500 1337; x_wconf 88' lang='lat' dir='ltr'>Christus</span> 
     </span>
    </p>

    <p class='ocr_par' dir='ltr' id='par_1_6' title="bbox 130 1364 1500 1477">
     <span class='ocr_line' id='line_1_16' title="bbox 130 1364 1500 1420; baseline 0.001 -17"><span class='ocrx_word' id='word_1_98' title='bbox 130 1364 396 1417; x_wconf 80' lang='lat' dir='ltr'>15instituit‚</span> <span class='ocrx_word' id='word_1_99' title='bbox 431 1380 568 1420; x_wconf 87' lang='lat' dir='ltr'>quam</span> <span class='ocrx_word' id='word_1_100' title='bbox 599 1366 660 1407; x_wconf 87' lang='lat' dir='ltr'>sit</span> <span class='ocrx_word' id='word_1_101' title='bbox 690 1366 955 1420; x_wconf 82' lang='lat' dir='ltr'>irreligiose</span> <span class='ocrx_word' id='word_1_102' title='bbox 979 1365 1231 1407; x_wconf 80' lang='lat' dir='ltr'>commixta</span> <span class='ocrx_word' id='word_1_103' title='bbox 1260 1365 1309 1406; x_wconf 93' lang='lat' dir='ltr'>in</span> <span class='ocrx_word' id='word_1_104' title='bbox 1333 1364 1500 1406; x_wconf 86' lang='lat' dir='ltr'>ritibus</span> 
     </span>
     <span class='ocr_line' id='line_1_17' title="bbox 186 1436 792 1477; baseline 0.002 -2"><span class='ocrx_word' id='word_1_105' title='bbox 186 1448 247 1475; x_wconf 81' lang='lat' dir='ltr'>ex</span> <span class='ocrx_word' id='word_1_106' title='bbox 279 1436 557 1477; x_wconf 86' lang='lat' dir='ltr'>auctoritate</span> <span class='ocrx_word' id='word_1_107' title='bbox 591 1449 792 1477; x_wconf 79' lang='lat' dir='ltr'>cesarea.</span> 
     </span>
    </p>

    <p class='ocr_par' dir='ltr' id='par_1_7' title="bbox 183 1504 1502 1699">
     <span class='ocr_line' id='line_1_18' title="bbox 243 1504 1500 1560; baseline -0.002 -14"><span class='ocrx_word' id='word_1_108' title='bbox 243 1504 383 1558; x_wconf 74' lang='lat' dir='ltr'>Quod</span> <span class='ocrx_word' id='word_1_109' title='bbox 414 1510 575 1559; x_wconf 89' lang='lat' dir='ltr'>potest</span> <span class='ocrx_word' id='word_1_110' title='bbox 607 1504 870 1546; x_wconf 88' lang='lat' dir='ltr'>confirmari</span> <span class='ocrx_word' id='word_1_111' title='bbox 902 1519 964 1545; x_wconf 79' lang='lat' dir='ltr'>ex</span> <span class='ocrx_word' id='word_1_112' title='bbox 999 1505 1106 1560; x_wconf 81' lang='lat' dir='ltr'>lege</span> <span class='ocrx_word' id='word_1_113' title='bbox 1136 1504 1244 1556; x_wconf 81' lang='lat' dir='ltr'>Dei,</span> <span class='ocrx_word' id='word_1_114' title='bbox 1291 1518 1353 1545; x_wconf 80' lang='lat' dir='ltr'>ex</span> <span class='ocrx_word' id='word_1_115' title='bbox 1390 1505 1500 1560; x_wconf 87' lang='lat' dir='ltr'>lege</span> 
     </span>
     <span class='ocr_line' id='line_1_19' title="bbox 185 1574 1500 1630; baseline -0.001 -15"><span class='ocrx_word' id='word_1_116' title='bbox 185 1575 387 1615; x_wconf 88' lang='lat' dir='ltr'>ecclesie</span> <span class='ocrx_word' id='word_1_117' title='bbox 421 1581 468 1616; x_wconf 91' lang='lat' dir='ltr'>et</span> <span class='ocrx_word' id='word_1_118' title='bbox 496 1576 606 1629; x_wconf 84' lang='lat' dir='ltr'>lege</span> <span class='ocrx_word' id='word_1_119' title='bbox 640 1589 841 1617; x_wconf 80' lang='lat' dir='ltr'>cesarea.</span> <span class='ocrx_word' id='word_1_120' title='bbox 870 1575 946 1615; x_wconf 80' lang='lat' dir='ltr'>Ex</span> <span class='ocrx_word' id='word_1_121' title='bbox 976 1576 1085 1630; x_wconf 84' lang='lat' dir='ltr'>lege</span> <span class='ocrx_word' id='word_1_122' title='bbox 1107 1574 1213 1626; x_wconf 80' lang='lat' dir='ltr'>Dei,</span> <span class='ocrx_word' id='word_1_123' title='bbox 1248 1574 1357 1628; x_wconf 86' lang='lat' dir='ltr'>quia</span> <span class='ocrx_word' id='word_1_124' title='bbox 1387 1580 1500 1616; x_wconf 93' lang='lat' dir='ltr'>tunc</span> 
     </span>
     <span class='ocr_line' id='line_1_20' title="bbox 183 1643 1502 1699; baseline 0 -15"><span class='ocrx_word' id='word_1_125' title='bbox 183 1643 370 1685; x_wconf 86' lang='lat' dir='ltr'>viveret</span> <span class='ocrx_word' id='word_1_126' title='bbox 403 1645 556 1686; x_wconf 88' lang='lat' dir='ltr'>clerus</span> <span class='ocrx_word' id='word_1_127' title='bbox 589 1651 788 1699; x_wconf 88' lang='lat' dir='ltr'>uterque</span> <span class='ocrx_word' id='word_1_128' title='bbox 817 1645 928 1698; x_wconf 84' lang='lat' dir='ltr'>lege</span> <span class='ocrx_word' id='word_1_129' title='bbox 957 1644 1051 1685; x_wconf 88' lang='lat' dir='ltr'>Dei</span> <span class='ocrx_word' id='word_1_130' title='bbox 1081 1644 1366 1699; x_wconf 77' lang='lat' dir='ltr'>placencius,</span> <span class='ocrx_word' id='word_1_131' title='bbox 1412 1643 1502 1685; x_wconf 88' lang='lat' dir='ltr'>sibi</span> 
     </span>
    </p>

    <p class='ocr_par' dir='ltr' id='par_1_8' title="bbox 58 1712 1500 1907">
     <span class='ocr_line' id='line_1_21' title="bbox 58 1712 1499 1768; baseline 0.003 -17"><span class='ocrx_word' id='word_1_132' title='bbox 58 1717 139 1761; x_wconf 79' lang='lat' dir='ltr'>240b</span> <span class='ocrx_word' id='word_1_133' title='bbox 183 1713 355 1765; x_wconf 80' lang='lat' dir='ltr'>utilius,</span> <span class='ocrx_word' id='word_1_134' title='bbox 390 1715 396 1766; x_wconf 83' lang='lat' dir='ltr'>l</span> <span class='ocrx_word' id='word_1_135' title='bbox 431 1713 616 1756; x_wconf 89' lang='lat' dir='ltr'>Christo</span> <span class='ocrx_word' id='word_1_136' title='bbox 668 1728 721 1755; x_wconf 90' lang='lat' dir='ltr'>ac</span> <span class='ocrx_word' id='word_1_137' title='bbox 773 1713 1001 1768; x_wconf 88' lang='lat' dir='ltr'>apostolis</span> <span class='ocrx_word' id='word_1_138' title='bbox 1054 1714 1150 1755; x_wconf 92' lang='lat' dir='ltr'>suis</span> <span class='ocrx_word' id='word_1_139' title='bbox 1204 1712 1499 1755; x_wconf 87' lang='lat' dir='ltr'>conformius.</span> 
     </span>
     <span class='ocr_line' id='line_1_22' title="bbox 185 1782 1500 1838; baseline 0 -14"><span class='ocrx_word' id='word_1_140' title='bbox 185 1783 437 1837; x_wconf 73' lang='lat' dir='ltr'>Quomodo</span> <span class='ocrx_word' id='word_1_141' title='bbox 469 1784 614 1838; x_wconf 81' lang='lat' dir='ltr'>igitur</span> <span class='ocrx_word' id='word_1_142' title='bbox 643 1798 739 1825; x_wconf 90' lang='lat' dir='ltr'>non</span> <span class='ocrx_word' id='word_1_143' title='bbox 759 1785 958 1825; x_wconf 89' lang='lat' dir='ltr'>haberet</span> <span class='ocrx_word' id='word_1_144' title='bbox 977 1785 1135 1825; x_wconf 91' lang='lat' dir='ltr'>Deum</span> <span class='ocrx_word' id='word_1_145' title='bbox 1159 1783 1331 1825; x_wconf 80' lang='lat' dir='ltr'>exinde</span> <span class='ocrx_word' id='word_1_146' title='bbox 1352 1782 1500 1837; x_wconf 85' lang='lat' dir='ltr'>magis</span> 
     </span>
     <span class='ocr_line' id='line_1_23' title="bbox 183 1853 475 1907; baseline 0 -13"><span class='ocrx_word' id='word_1_147' title='bbox 183 1853 475 1907; x_wconf 87' lang='lat' dir='ltr'>propicium?</span> 
     </span>
    </p>

    <p class='ocr_par' dir='ltr' id='par_1_9' title="bbox 184 1922 1500 2048">
     <span class='ocr_line' id='line_1_24' title="bbox 241 1922 1500 1978; baseline -0.002 -13"><span class='ocrx_word' id='word_1_148' title='bbox 241 1923 317 1964; x_wconf 88' lang='lat' dir='ltr'>EX</span> <span class='ocrx_word' id='word_1_149' title='bbox 346 1925 456 1978; x_wconf 84' lang='lat' dir='ltr'>lege</span> <span class='ocrx_word' id='word_1_150' title='bbox 492 1924 695 1965; x_wconf 89' lang='lat' dir='ltr'>ecclesie</span> <span class='ocrx_word' id='word_1_151' title='bbox 727 1930 861 1978; x_wconf 84' lang='lat' dir='ltr'>patet</span> <span class='ocrx_word' id='word_1_152' title='bbox 895 1924 1020 1965; x_wconf 92' lang='lat' dir='ltr'>idem</span> <span class='ocrx_word' id='word_1_153' title='bbox 1053 1937 1157 1964; x_wconf 90' lang='lat' dir='ltr'>cum</span> <span class='ocrx_word' id='word_1_154' title='bbox 1190 1922 1500 1964; x_wconf 88' lang='lat' dir='ltr'>distinccione</span> 
     </span>
     <span class='ocr_line' id='line_1_25' title="bbox 184 1993 1500 2048; baseline -0.001 -14"><span class='ocrx_word' id='word_1_155' title='bbox 184 1993 341 2035; x_wconf 89' lang='lat' dir='ltr'>XCV:</span> <span class='ocrx_word' id='word_1_156' title='bbox 377 1994 498 2036; x_wconf 75' lang='lat' dir='ltr'><em>Olim</em></span> <span class='ocrx_word' id='word_1_157' title='bbox 534 2008 596 2035; x_wconf 80' lang='lat' dir='ltr'>ex</span> <span class='ocrx_word' id='word_1_158' title='bbox 628 1995 820 2035; x_wconf 92' lang='lat' dir='ltr'>decreto</span> <span class='ocrx_word' id='word_1_159' title='bbox 850 1994 1095 2048; x_wconf 89' lang='lat' dir='ltr'>Jeronymi</span> <span class='ocrx_word' id='word_1_160' title='bbox 1128 1994 1359 2034; x_wconf 91' lang='lat' dir='ltr'>docentur</span> <span class='ocrx_word' id='word_1_161' title='bbox 1389 2006 1500 2047; x_wconf 86' lang='lat' dir='ltr'>quo-</span> 
     </span>
    </p>

    <p class='ocr_par' dir='ltr' id='par_1_10' title="bbox 128 2062 1504 2400">
     <span class='ocr_line' id='line_1_26' title="bbox 128 2062 1501 2119; baseline 0.002 -19"><span class='ocrx_word' id='word_1_162' title='bbox 128 2068 169 2102; x_wconf 82' lang='lat'>25</span> <span class='ocrx_word' id='word_1_163' title='bbox 184 2064 325 2105; x_wconf 90' lang='lat' dir='ltr'>modo</span> <span class='ocrx_word' id='word_1_164' title='bbox 348 2065 549 2106; x_wconf 86' lang='lat' dir='ltr'>ecclesia</span> <span class='ocrx_word' id='word_1_165' title='bbox 568 2065 873 2119; x_wconf 85' lang='lat' dir='ltr'>regulabatur</span> <span class='ocrx_word' id='word_1_166' title='bbox 899 2069 1005 2105; x_wconf 90' lang='lat' dir='ltr'>ante</span> <span class='ocrx_word' id='word_1_167' title='bbox 1022 2063 1333 2115; x_wconf 81' lang='lat' dir='ltr'>dotacionem,</span> <span class='ocrx_word' id='word_1_168' title='bbox 1355 2062 1501 2104; x_wconf 91' lang='lat' dir='ltr'>eciam</span> 
     </span>
     <span class='ocr_line' id='line_1_27' title="bbox 184 2133 1500 2189; baseline -0.001 -15"><span class='ocrx_word' id='word_1_169' title='bbox 184 2133 232 2174; x_wconf 90' lang='lat' dir='ltr'>in</span> <span class='ocrx_word' id='word_1_170' title='bbox 263 2139 480 2189; x_wconf 92' lang='lat' dir='ltr'>tempore</span> <span class='ocrx_word' id='word_1_171' title='bbox 514 2135 835 2189; x_wconf 90' lang='lat' dir='ltr'>apostolorum</span> <span class='ocrx_word' id='word_1_172' title='bbox 864 2134 1098 2175; x_wconf 91' lang='lat' dir='ltr'>communi</span> <span class='ocrx_word' id='word_1_173' title='bbox 1130 2133 1325 2175; x_wconf 87' lang='lat' dir='ltr'>consilio</span> <span class='ocrx_word' id='word_1_174' title='bbox 1349 2146 1500 2174; x_wconf 88' lang='lat' dir='ltr'>sacer-</span> 
     </span>
     <span class='ocr_line' id='line_1_28' title="bbox 187 2203 1504 2259; baseline -0.001 -15"><span class='ocrx_word' id='word_1_175' title='bbox 187 2205 362 2256; x_wconf 87' lang='lat' dir='ltr'>dotum,</span> <span class='ocrx_word' id='word_1_176' title='bbox 397 2211 444 2246; x_wconf 91' lang='lat' dir='ltr'>et</span> <span class='ocrx_word' id='word_1_177' title='bbox 474 2205 780 2259; x_wconf 89' lang='lat' dir='ltr'>postmodum</span> <span class='ocrx_word' id='word_1_178' title='bbox 809 2204 1124 2258; x_wconf 85' lang='lat' dir='ltr'>instigacione</span> <span class='ocrx_word' id='word_1_179' title='bbox 1157 2203 1350 2258; x_wconf 88' lang='lat' dir='ltr'>dyaboli</span> <span class='ocrx_word' id='word_1_180' title='bbox 1380 2203 1504 2244; x_wconf 88' lang='lat' dir='ltr'>facta</span> 
     </span>
     <span class='ocr_line' id='line_1_29' title="bbox 188 2273 1503 2328; baseline -0.002 -13"><span class='ocrx_word' id='word_1_181' title='bbox 188 2280 262 2315; x_wconf 92' lang='lat' dir='ltr'>est</span> <span class='ocrx_word' id='word_1_182' title='bbox 313 2274 481 2315; x_wconf 88' lang='lat' dir='ltr'>divisio</span> <span class='ocrx_word' id='word_1_183' title='bbox 535 2274 870 2315; x_wconf 90' lang='lat' dir='ltr'>constituendo</span> <span class='ocrx_word' id='word_1_184' title='bbox 924 2274 1194 2328; x_wconf 87' lang='lat' dir='ltr'>capitaneos</span> <span class='ocrx_word' id='word_1_185' title='bbox 1245 2273 1503 2314; x_wconf 90' lang='lat' dir='ltr'>secundum</span> 
     </span>
     <span class='ocr_line' id='line_1_30' title="bbox 188 2343 1503 2400; baseline -0.002 -16"><span class='ocrx_word' id='word_1_186' title='bbox 188 2343 465 2400; x_wconf 83' lang='lat' dir='ltr'>dignitatem</span> <span class='ocrx_word' id='word_1_187' title='bbox 495 2344 788 2395; x_wconf 74' lang='lat' dir='ltr'>mundanam,</span> <span class='ocrx_word' id='word_1_188' title='bbox 828 2348 1016 2398; x_wconf 87' lang='lat' dir='ltr'>captam</span> <span class='ocrx_word' id='word_1_189' title='bbox 1047 2343 1274 2385; x_wconf 86' lang='lat' dir='ltr'>fallaciter</span> <span class='ocrx_word' id='word_1_190' title='bbox 1307 2356 1369 2383; x_wconf 80' lang='lat' dir='ltr'>ex</span> <span class='ocrx_word' id='word_1_191' title='bbox 1398 2355 1503 2396; x_wconf 92' lang='lat' dir='ltr'>pre-</span> 
     </span>
    </p>

    <p class='ocr_par' dir='ltr' id='par_1_11' title="bbox 131 2411 1504 2747">
     <span class='ocr_line' id='line_1_31' title="bbox 131 2411 1504 2468; baseline -0.001 -15"><span class='ocrx_word' id='word_1_192' title='bbox 131 2421 173 2453; x_wconf 81' lang='lat'>30</span> <span class='ocrx_word' id='word_1_193' title='bbox 189 2413 447 2455; x_wconf 87' lang='lat' dir='ltr'>eminencia</span> <span class='ocrx_word' id='word_1_194' title='bbox 478 2415 816 2468; x_wconf 78' lang='lat' dir='ltr'>apostolorum,</span> <span class='ocrx_word' id='word_1_195' title='bbox 851 2427 875 2454; x_wconf 92' lang='lat' dir='ltr'>a</span> <span class='ocrx_word' id='word_1_196' title='bbox 897 2413 1067 2467; x_wconf 89' lang='lat' dir='ltr'>quibus</span> <span class='ocrx_word' id='word_1_197' title='bbox 1088 2411 1504 2454; x_wconf 88' lang='lat' dir='ltr'>instrumentaliter</span> 
     </span>
     <span class='ocr_line' id='line_1_32' title="bbox 188 2481 1504 2538; baseline -0.002 -13"><span class='ocrx_word' id='word_1_198' title='bbox 188 2489 297 2525; x_wconf 90' lang='lat' dir='ltr'>sunt</span> <span class='ocrx_word' id='word_1_199' title='bbox 330 2484 563 2535; x_wconf 87' lang='lat' dir='ltr'>conversi,</span> <span class='ocrx_word' id='word_1_200' title='bbox 597 2489 649 2524; x_wconf 91' lang='lat' dir='ltr'>ut</span> <span class='ocrx_word' id='word_1_201' title='bbox 680 2483 837 2537; x_wconf 86' lang='lat' dir='ltr'>tangit</span> <span class='ocrx_word' id='word_1_202' title='bbox 867 2483 1133 2536; x_wconf 85' lang='lat' dir='ltr'>Apostolus</span> <span class='ocrx_word' id='word_1_203' title='bbox 1164 2482 1312 2538; x_wconf 87' lang='lat' dir='ltr'>prima</span> <span class='ocrx_word' id='word_1_204' title='bbox 1345 2481 1448 2523; x_wconf 88' lang='lat' dir='ltr'>Cor.</span> <span class='ocrx_word' id='word_1_205' title='bbox 1481 2481 1504 2522; x_wconf 93' lang='lat' dir='ltr'>I</span> 
     </span>
     <span class='ocr_line' id='line_1_33' title="bbox 189 2552 1503 2608; baseline -0.002 -14"><span class='ocrx_word' id='word_1_206' title='bbox 189 2559 236 2595; x_wconf 90' lang='lat' dir='ltr'>et</span> <span class='ocrx_word' id='word_1_207' title='bbox 265 2554 349 2597; x_wconf 90' lang='grc' dir='ltr'>ΠΙ.</span> <span class='ocrx_word' id='word_1_208' title='bbox 400 2553 556 2607; x_wconf 76' lang='lat' dir='ltr'>Quare</span> <span class='ocrx_word' id='word_1_209' title='bbox 599 2553 745 2608; x_wconf 82' lang='lat' dir='ltr'>igitur</span> <span class='ocrx_word' id='word_1_210' title='bbox 787 2566 884 2594; x_wconf 90' lang='lat' dir='ltr'>non</span> <span class='ocrx_word' id='word_1_211' title='bbox 914 2553 1041 2594; x_wconf 85' lang='lat' dir='ltr'>foret</span> <span class='ocrx_word' id='word_1_212' title='bbox 1071 2552 1339 2607; x_wconf 87' lang='lat' dir='ltr'>perfeccius</span> <span class='ocrx_word' id='word_1_213' title='bbox 1376 2557 1503 2592; x_wconf 86' lang='lat' dir='ltr'>stare</span> 
     </span>
     <span class='ocr_line' id='line_1_34' title="bbox 185 2621 1503 2677; baseline -0.002 -14"><span class='ocrx_word' id='word_1_214' title='bbox 185 2623 234 2664; x_wconf 90' lang='lat' dir='ltr'>in</span> <span class='ocrx_word' id='word_1_215' title='bbox 266 2629 390 2665; x_wconf 91' lang='lat' dir='ltr'>statu</span> <span class='ocrx_word' id='word_1_216' title='bbox 420 2624 649 2677; x_wconf 85' lang='lat' dir='ltr'>primevo,</span> <span class='ocrx_word' id='word_1_217' title='bbox 695 2636 835 2676; x_wconf 86' lang='lat' dir='ltr'>quem</span> <span class='ocrx_word' id='word_1_218' title='bbox 868 2622 1079 2663; x_wconf 87' lang='lat' dir='ltr'>Christus</span> <span class='ocrx_word' id='word_1_219' title='bbox 1121 2621 1323 2663; x_wconf 88' lang='lat' dir='ltr'>instituit</span> <span class='ocrx_word' id='word_1_220' title='bbox 1367 2634 1503 2674; x_wconf 86' lang='lat' dir='ltr'>quam</span> 
     </span>
     <span class='ocr_line' id='line_1_35' title="bbox 186 2690 1502 2747; baseline -0.002 -14"><span class='ocrx_word' id='word_1_221' title='bbox 186 2693 234 2733; x_wconf 88' lang='lat' dir='ltr'>in</span> <span class='ocrx_word' id='word_1_222' title='bbox 278 2699 402 2735; x_wconf 90' lang='lat' dir='ltr'>statu</span> <span class='ocrx_word' id='word_1_223' title='bbox 434 2699 663 2735; x_wconf 84' lang='lat' dir='ltr'>extraneo</span> <span class='ocrx_word' id='word_1_224' title='bbox 688 2693 768 2746; x_wconf 87' lang='lat' dir='ltr'>qui</span> <span class='ocrx_word' id='word_1_225' title='bbox 797 2693 1025 2734; x_wconf 89' lang='lat' dir='ltr'>instinctu</span> <span class='ocrx_word' id='word_1_226' title='bbox 1058 2691 1251 2747; x_wconf 87' lang='lat' dir='ltr'>dyaboli</span> <span class='ocrx_word' id='word_1_227' title='bbox 1277 2690 1502 2732; x_wconf 85' lang='lat' dir='ltr'>inolevit?</span> 
     </span>
    </p>
   </div>
   <div class='ocr_carea' id='block_1_3' title="bbox 258 2830 749 2860">
    <p class='ocr_par' dir='ltr' id='par_1_12' title="bbox 258 2830 749 2860">
     <span class='ocr_line' id='line_1_36' title="bbox 258 2830 749 2860; baseline 0 -2"><span class='ocrx_word' id='word_1_228' title='bbox 258 2830 306 2859; x_wconf 87' lang='lat'>30.</span> <span class='ocrx_word' id='word_1_229' title='bbox 328 2831 397 2860; x_wconf 85' lang='lat' dir='ltr'>AB:</span> <span class='ocrx_word' id='word_1_230' title='bbox 418 2831 449 2859; x_wconf 86' lang='lat' dir='ltr'>in</span> <span class='ocrx_word' id='word_1_231' title='bbox 468 2832 749 2860; x_wconf 75' lang='lat' dir='ltr'>sacramentaliter.</span> 
     </span>
    </p>
   </div>
   <div class='ocr_carea' id='block_1_4' title="bbox 260 2913 1502 2959">
    <p class='ocr_par' dir='ltr' id='par_1_13' title="bbox 260 2913 1502 2959">
     <span class='ocr_line' id='line_1_37' title="bbox 260 2913 1502 2959; baseline -0.001 -13"><span class='ocrx_word' id='word_1_232' title='bbox 260 2924 311 2954; x_wconf 83' lang='lat'>24.</span> <span class='ocrx_word' id='word_1_233' title='bbox 340 2916 404 2947; x_wconf 83' lang='lat' dir='ltr'>See</span> <span class='ocrx_word' id='word_1_234' title='bbox 430 2916 542 2948; x_wconf 86' lang='lat' dir='ltr'>above</span> <span class='ocrx_word' id='word_1_235' title='bbox 569 2927 602 2959; x_wconf 84' lang='lat' dir='ltr'>p.</span> <span class='ocrx_word' id='word_1_236' title='bbox 631 2915 705 2949; x_wconf 80' lang='lat'>316.</span> <span class='ocrx_word' id='word_1_237' title='bbox 734 2916 831 2948; x_wconf 83' lang='lat' dir='ltr'>Decr.</span> <span class='ocrx_word' id='word_1_238' title='bbox 860 2915 971 2957; x_wconf 84' lang='lat' dir='ltr'>prima</span> <span class='ocrx_word' id='word_1_239' title='bbox 998 2924 1087 2957; x_wconf 86' lang='lat' dir='ltr'>pars,</span> <span class='ocrx_word' id='word_1_240' title='bbox 1116 2914 1193 2947; x_wconf 88' lang='lat' dir='ltr'>dist.</span> <span class='ocrx_word' id='word_1_241' title='bbox 1219 2914 1325 2958; x_wconf 85' lang='lat' dir='ltr'>XCV,</span> <span class='ocrx_word' id='word_1_242' title='bbox 1360 2923 1433 2955; x_wconf 88' lang='lat' dir='ltr'>cap.</span> <span class='ocrx_word' id='word_1_243' title='bbox 1460 2913 1502 2945; x_wconf 88' lang='lat' dir='ltr'>V.</span> 
     </span>
    </p>
   </div>
   <div class='ocr_carea' id='block_1_5' title="bbox 1704 288 1783 326">
    <p class='ocr_par' dir='ltr' id='par_1_14' title="bbox 1704 288 1783 326">
     <span class='ocr_line' id='line_1_38' title="bbox 1704 288 1783 326; baseline 0 0"><span class='ocrx_word' id='word_1_244' title='bbox 1704 288 1783 326; x_wconf 82' lang='lat'>317</span> 
     </span>
    </p>
   </div>
   <div class='ocr_carea' id='block_1_6' title="bbox 1528 385 1772 554">
    <p class='ocr_par' dir='ltr' id='par_1_15' title="bbox 1528 385 1772 554">
     <span class='ocr_line' id='line_1_39' title="bbox 1528 385 1772 414; baseline 0.008 -2"><span class='ocrx_word' id='word_1_245' title='bbox 1528 385 1555 412; x_wconf 89' lang='lat' dir='ltr'>It</span> <span class='ocrx_word' id='word_1_246' title='bbox 1574 385 1599 413; x_wconf 89' lang='lat' dir='ltr'>is</span> <span class='ocrx_word' id='word_1_247' title='bbox 1621 386 1686 413; x_wconf 85' lang='lat' dir='ltr'>said</span> <span class='ocrx_word' id='word_1_248' title='bbox 1707 387 1772 414; x_wconf 83' lang='lat' dir='ltr'>that</span> 
     </span>
     <span class='ocr_line' id='line_1_40' title="bbox 1547 421 1755 449; baseline 0.005 -2"><span class='ocrx_word' id='word_1_249' title='bbox 1547 421 1677 448; x_wconf 87' lang='lat' dir='ltr'>without</span> <span class='ocrx_word' id='word_1_250' title='bbox 1697 429 1755 449; x_wconf 81' lang='lat' dir='ltr'>one</span> 
     </span>
     <span class='ocr_line' id='line_1_41' title="bbox 1584 457 1705 483; baseline 0 0"><span class='ocrx_word' id='word_1_251' title='bbox 1584 457 1705 483; x_wconf 79' lang='lat' dir='ltr'>secular</span> 
     </span>
     <span class='ocr_line' id='line_1_42' title="bbox 1547 495 1750 526; baseline 0.005 -9"><span class='ocrx_word' id='word_1_252' title='bbox 1547 495 1750 526; x_wconf 84' lang='lat' dir='ltr'>government</span> 
     </span>
     <span class='ocr_line' id='line_1_43' title="bbox 1559 526 1747 554; baseline 0 -1"><span class='ocrx_word' id='word_1_253' title='bbox 1559 526 1662 554; x_wconf 85' lang='lat' dir='ltr'>would</span> <span class='ocrx_word' id='word_1_254' title='bbox 1683 526 1747 554; x_wconf 80' lang='lat' dir='ltr'>fan.</span> 
     </span>
    </p>
   </div>
   <div class='ocr_carea' id='block_1_7' title="bbox 1534 1095 1766 1237">
    <p class='ocr_par' dir='ltr' id='par_1_16' title="bbox 1534 1095 1766 1237">
     <span class='ocr_line' id='line_1_44' title="bbox 1539 1095 1752 1123; baseline -0.005 0"><span class='ocrx_word' id='word_1_255' title='bbox 1539 1096 1616 1123; x_wconf 86' lang='lat' dir='ltr'>Both</span> <span class='ocrx_word' id='word_1_256' title='bbox 1636 1095 1752 1123; x_wconf 83' lang='lat' dir='ltr'>church</span> 
     </span>
     <span class='ocr_line' id='line_1_45' title="bbox 1569 1131 1737 1165; baseline -0.006 -7"><span class='ocrx_word' id='word_1_257' title='bbox 1569 1131 1628 1158; x_wconf 84' lang='lat' dir='ltr'>and</span> <span class='ocrx_word' id='word_1_258' title='bbox 1651 1135 1737 1165; x_wconf 76' lang='lat' dir='ltr'>state,</span> 
     </span>
     <span class='ocr_line' id='line_1_46' title="bbox 1534 1166 1766 1194; baseline -0.009 0"><span class='ocrx_word' id='word_1_259' title='bbox 1534 1166 1638 1194; x_wconf 86' lang='lat' dir='ltr'>would</span> <span class='ocrx_word' id='word_1_260' title='bbox 1660 1167 1696 1193; x_wconf 85' lang='lat' dir='ltr'>be</span> <span class='ocrx_word' id='word_1_261' title='bbox 1715 1166 1766 1192; x_wconf 81' lang='lat' dir='ltr'>the</span> 
     </span>
     <span class='ocr_line' id='line_1_47' title="bbox 1599 1201 1702 1237; baseline 0 -9"><span class='ocrx_word' id='word_1_262' title='bbox 1599 1201 1702 1237; x_wconf 79' lang='lat' dir='ltr'>better,</span> 
     </span>
    </p>
   </div>
   <div class='ocr_carea' id='block_1_8' title="bbox 1533 1516 1766 1613">
    <p class='ocr_par' dir='ltr' id='par_1_17' title="bbox 1533 1516 1766 1613">
     <span class='ocr_line' id='line_1_48' title="bbox 1564 1516 1731 1543; baseline -0.006 0"><span class='ocrx_word' id='word_1_263' title='bbox 1564 1516 1622 1543; x_wconf 86' lang='lat' dir='ltr'>and</span> <span class='ocrx_word' id='word_1_264' title='bbox 1645 1523 1731 1543; x_wconf 81' lang='lat' dir='ltr'>more</span> 
     </span>
     <span class='ocr_line' id='line_1_49' title="bbox 1533 1551 1766 1578; baseline -0.004 0"><span class='ocrx_word' id='word_1_265' title='bbox 1533 1551 1715 1578; x_wconf 82' lang='lat' dir='ltr'>conformed</span> <span class='ocrx_word' id='word_1_266' title='bbox 1736 1555 1766 1577; x_wconf 90' lang='lat' dir='ltr'>to</span> 
     </span>
     <span class='ocr_line' id='line_1_50' title="bbox 1558 1585 1742 1613; baseline 0 0"><span class='ocrx_word' id='word_1_267' title='bbox 1558 1586 1608 1613; x_wconf 86' lang='lat' dir='ltr'>the</span> <span class='ocrx_word' id='word_1_268' title='bbox 1628 1586 1686 1613; x_wconf 87' lang='lat' dir='ltr'>law</span> <span class='ocrx_word' id='word_1_269' title='bbox 1707 1585 1742 1613; x_wconf 90' lang='lat' dir='ltr'>of</span> 
     </span>
    </p>
   </div>
   <div class='ocr_carea' id='block_1_9' title="bbox 1613 1620 1694 1655">
    <p class='ocr_par' dir='ltr' id='par_1_18' title="bbox 1613 1620 1694 1655">
     <span class='ocr_line' id='line_1_51' title="bbox 1613 1620 1694 1655; baseline 0 -7"><span class='ocrx_word' id='word_1_270' title='bbox 1613 1620 1694 1655; x_wconf 83' lang='lat' dir='ltr'>God‚</span> 
     </span>
    </p>
   </div>
   <div class='ocr_carea' id='block_1_10' title="bbox 1522 2074 1778 2103">
    <p class='ocr_par' dir='ltr' id='par_1_19' title="bbox 1522 2074 1778 2103">
     <span class='ocr_line' id='line_1_52' title="bbox 1522 2074 1778 2103; baseline 0.004 -1"><span class='ocrx_word' id='word_1_271' title='bbox 1522 2074 1555 2102; x_wconf 83' lang='lat' dir='ltr'>of</span> <span class='ocrx_word' id='word_1_272' title='bbox 1572 2075 1621 2102; x_wconf 80' lang='lat' dir='ltr'>the</span> <span class='ocrx_word' id='word_1_273' title='bbox 1642 2074 1778 2103; x_wconf 74' lang='lat' dir='ltr'>Church.</span> 
     </span>
    </p>
   </div>
  </div>
 </body>
</html>
