2078 3338
232 275 311 313 208
955 285 1179 318 JOHANNIS
1207 286 1394 317 WYCLIF
1649 270 1754 328 [CAP.
1782 281 1834 309 ῃ(Δ

520 390 559 431 si
581 389 685 431 talis
708 389 840 443 prius
865 396 938 431 est
960 396 1163 441 sanetus,
1196 390 1441 431 luciferina
1468 388 1662 430 affeccio
1685 389 1835 429 laudis

518 460 757 500 hominum
792 460 1030 513 extinguit
1062 460 1358 501 sanctitatem
1390 472 1525 513 quam
1558 458 1748 512 reperit.
1786 457 1836 499 Si

520 530 581 570 sit
613 543 804 583 semper
836 543 932 570 non
955 536 1159 580 sanctus,
1191 529 1373 570 inducit
1394 529 1441 570 in
1463 542 1515 569 se
1539 535 1586 569 et
1610 529 1837 582 populum

518 600 798 640 blasfemum
821 600 1127 640 mendacium.
1153 600 1292 640 Unde
1315 613 1439 653 papa
1452 599 1625 639 Petrus
1645 598 1690 638 H
1704 598 1836 638 Petri

520 669 579 719 Π,
609 684 621 709 1
659 670 916 723 prophetat
949 671 1007 710 de
1030 669 1220 711 talibus:
1254 669 1413 722 Erunt,
1446 668 1608 722 inquit,
1638 669 1869 720 pseudo-5

513 740 728 793 prophete
765 740 812 779 in
846 740 1030 792 populo,
1068 740 1183 780 sient
1221 740 1267 779 in
1300 740 1422 779 vobis
1460 742 1591 779 erunt
1622 738 1839 790 magistri

520 810 770 861 mendaces,
819 814 865 848 et
909 814 1021 862 post
1059 808 1227 848 diffuse
1267 807 1494 849 describit
1532 821 1615 848 eos
1661 807 1836 857 dicens,

522 879 650 931 quod
682 884 791 918 sunt
812 879 943 918 velut
974 878 1317 919 irracionabilia
1341 891 1532 931 pecora,
1563 877 1611 917 in
1631 876 1719 917 hiis
1743 890 1836 930 que

231 940 504 1003 s'ssjfiffisgfiffiign
520 948 739 1002 ignorant
754 948 1085 1000 blasfemantes.
1099 948 1238 988 Tales
1254 948 1412 988 forent
1420 947 1497 998 illi,
1514 947 1595 1000 qui
1610 946 1836 997 dicerent,

253 1011 304 1037 the
325 1011 430 1038 merits
451 1011 486 1039 of

276 1046 324 1073 me
345 1046 460 1074 Sams-
522 1019 650 1071 quod
671 1018 847 1058 habent
871 1031 932 1058 ex
955 1018 1195 1058 eleccione
1217 1017 1455 1058 hominum
1479 1017 1623 1057 eciam
1652 1016 1837 1057 notorie
1858 1030 1895 1050 10

520 1100 856 1140 perversorum
888 1093 1177 1140 potestatem
1211 1087 1490 1128 absolvendi
1521 1102 1547 1127 a
1577 1100 1702 1140 pena
1735 1091 1782 1126 et
1814 1099 1839 1125 a

522 1158 659 1210 culpa
701 1161 750 1197 et
794 1157 1089 1198 concedendi
1138 1171 1199 1197 ex
1250 1157 1607 1210 supererogatis
1659 1155 1838 1196 meritis

520 1232 804 1276 sanctorum,
828 1226 1092 1267 distributis
1108 1227 1166 1266 ad
1187 1226 1370 1268 libitum
1387 1226 1713 1279 indulgencias
1736 1224 1836 1266 sine

519 1296 625 1336 fine.
649 1297 710 1337 Et
724 1296 842 1337 tales
867 1296 1175 1337 communiter
1196 1296 1416 1350 ignorant
1432 1309 1578 1337 voces
1596 1295 1835 1349 proprias;

522 1371 571 1406 et
612 1366 718 1407 illos
762 1368 930 1407 beatus
973 1366 1117 1418 Judas
1164 1366 1390 1406 describit
1433 1380 1521 1419 per
1560 1367 1664 1415 hoc,
1709 1365 1894 1418 quod15

519 1449 600 1476 ma
627 1434 632 1491 l
660 1437 863 1477 iestatem
896 1436 1182 1489 blasfemant,
1229 1441 1276 1476 et
1308 1436 1389 1476 ubi
1422 1441 1612 1476 sanctus
1644 1435 1839 1476 Michael
1879 1438 1957 1472 213⁸

520 1507 761 1559 disputans
793 1519 896 1547 cnm
929 1507 1116 1558 dyabolo
1144 1520 1231 1559 pro
1256 1506 1406 1558 Moysi
1427 1518 1627 1557 corpore,
1659 1518 1747 1545 non
1776 1508 1838 1545 est

521 1589 664 1617 ansus
706 1577 754 1616 in
797 1577 952 1627 ipsum
996 1576 1169 1629 inferre
1211 1577 1449 1625 indicium,
1492 1577 1558 1616 liii
1599 1579 1837 1628 tamqnam

520 1650 650 1686 mnia
671 1647 900 1686 animalia
922 1647 1155 1700 offendunt
1175 1648 1221 1686 in
1243 1647 1344 1696 litis,
1375 1659 1457 1698 qne
1478 1648 1645 1686 nornnt
1671 1645 1839 1685 noticia

519 1717 731 1767 sensibili,
748 1729 851 1756 cum
876 1716 1050 1756 audent
1072 1717 1190 1756 ultra
1214 1716 1543 1769 archangelum
1557 1714 1838 1755 maledicere
1855 1727 1896 1748 20

522 1785 898 1839 quibuscumque
928 1785 1007 1839 qui
1041 1785 1275 1826 voluntati
1302 1799 1385 1825 sue
1419 1784 1693 1834 restiterint,
1727 1783 1839 1824 licet

520 1854 744 1909 ignorent
777 1856 834 1896 de
868 1856 936 1896 eis
970 1855 1177 1895 divinum
1208 1855 1441 1895 iudicium.
1481 1854 1543 1895 Et
1575 1868 1720 1907 super
1748 1854 1837 1893 hec

521 1925 801 1965 blasfemant
829 1924 1020 1979 gravius
1054 1925 1281 1975 dieentes,
1316 1925 1444 1978 quod
1467 1929 1662 1978 oportet
1682 1925 1838 1964 Deum

521 1994 694 2035 virtute
744 1994 998 2035 eleccionis
1051 1995 1119 2035 eis
1172 1994 1393 2035 assistere
1446 2000 1493 2035 et
1545 2006 1838 2047 quecumque

520 2064 823 2117 promiserint
855 2066 915 2104 ad
941 2064 1151 2117 implere.
1183 2063 1324 2104 Unde
1357 2069 1546 2104 sanctus
1569 2064 1837 2116 Apostolus
1855 2066 1893 2098 25

523 2133 753 2176 describit
797 2147 880 2174 eos
925 2139 1038 2175 nota
1075 2133 1328 2187 sextuplici
1367 2135 1703 2187 superborum:
1742 2133 1838 2183 Hii,

519 2203 683 2256 inquit,
716 2207 820 2244 sunt
840 2205 889 2244 in
912 2205 1057 2256 epulis
1084 2205 1182 2244 snis
1202 2205 1393 2254 macule,
1415 2204 1711 2254 convivantes,
1744 2203 1840 2243 sine

519 2274 685 2314 timore
715 2286 762 2314 se
793 2274 917 2325 ipsos
946 2277 1190 2325 pascentes,
1230 2274 1368 2313 nubes
1397 2274 1494 2313 sine
1525 2285 1659 2325 aqna,
1697 2285 1780 2325 qne
1811 2285 1840 2311 a

520 2344 662 2384 ventis
704 2343 1109 2396 circumferuntur,
1162 2344 1350 2383 arbores
1400 2343 1724 2394 autnnzpnales
1764 2342 1838 2382 in-

521 2412 772 2465 fructuose,
794 2413 860 2453 bis
881 2416 1072 2463 mortue,
1095 2413 1336 2464 eradicate,
1356 2412 1534 2463 flnctus
1553 2412 1656 2464 feri
1676 2412 1838 2463 maris,
1857 2416 1898 2449 30

521 2483 843 2535 despumantes
892 2495 1004 2523 snas
1055 2482 1352 2534 confusiones,
1404 2482 1560 2522 sidera
1612 2481 1839 2533 errancia,

521 2554 679 2606 qnibns
709 2554 909 2604 procella
940 2553 1229 2593 tenebrarum
1262 2554 1527 2592 conservata
1558 2555 1621 2592 est
1652 2552 1697 2591 in
1725 2554 1838 2591 eter-

520 2634 644 2663 num.
676 2621 736 2662 Et
759 2621 850 2662 ista
872 2635 972 2673 sexa
1008 2635 1112 2661 cum
1136 2621 1230 2661 sint
1262 2620 1494 2674 scriptura
1525 2633 1668 2670 sacra,
1702 2620 1842 2660 decet

591 2792 618 2817 4.
643 2781 742 2811 Codd.
762 2782 794 2810 in
816 2790 930 2818 marg.:
963 2781 1085 2810 Prelati
1101 2783 1178 2809 mali
1195 2782 1347 2817 quomodo
1368 2782 1406 2809 ab
1427 2780 1577 2816 apostolis
1597 2783 1670 2808 sunt
1685 2779 1840 2815 descripti.

526 2829 567 2857 16.
592 2829 630 2856 B:
654 2832 685 2856 ut
705 2829 764 2856 ubi.
841 2838 884 2857 21.
908 2828 1024 2858 Codd.:
1046 2829 1248 2857 restituerint.

598 2912 647 2945 16.
673 2913 784 2944 Judae
812 2913 875 2954 Ep.
904 2913 924 2953 Ι,
953 2914 982 2956 87
1011 2923 1040 2956 o,
1075 2923 1125 2946 10.
1225 2922 1276 2953 24.
1302 2913 1412 2944 Judae
1444 2921 1491 2951 12,
1524 2912 1572 2944 13.
