2078 3338
242 253 321 290 268
961 257 1187 290 JOHANNIS
1212 257 1400 289 WYCLIF
1664 244 1776 297 [CAP.
1792 254 1844 281 xi

527 363 756 415 principes
791 374 930 414 super
966 374 1143 401 omnem
1178 365 1378 410 terranz;
1415 360 1479 400 eis
1514 363 1562 400 tu
1597 360 1847 400 successisti

530 433 578 472 in
608 432 922 479 hereditatet‹n,·
958 431 1024 470 ita
1060 434 1107 470 tu
1137 431 1264 470 lzeres
1295 433 1333 469 et
1365 429 1488 469 orbis
1517 429 1755 479 hereditas,
1795 441 1848 468 ac

529 501 740 552 quamvis
769 501 845 540 lzec
868 501 1029 552 porcio
1061 503 1100 539 te
1121 499 1364 550 contingat,
1396 498 1445 537 id
1464 498 1619 538 sobria
1641 498 1845 537 conside-

530 570 716 609 racione
753 569 1071 621 pensanduin,·
1112 580 1201 607 non
1245 568 1366 607 enizn
1409 579 1514 606 reor
1543 578 1631 619 per
1667 578 1847 606 omnem

531 639 733 687 niodum,
771 639 850 678 sed
885 649 995 677 sane
1033 638 1383 689 quodaintenus,·
1426 635 1723 688 dispensacio,
1752 633 1756 689 1
1784 634 1848 674 in·
1888 642 1968 675 228³

532 706 646 759 quit,
668 718 807 759 super
828 707 959 746 illurn
983 706 1061 745 tibi
1082 706 1255 745 credita
1278 708 1352 755 est,
1375 717 1464 745 non
1486 705 1597 744 data
1613 704 1849 756 possessio

530 776 592 816 Et
622 780 737 829 post
769 774 953 828 detegit
982 774 1200 824 heresim,
1233 787 1323 827 qua
1337 773 1657 813 Antichristus
1689 774 1853 813 extollit

530 858 577 886 se
607 857 746 897 super
777 856 909 885 onine
953 845 1072 895 quod
1102 844 1272 884 dicitnr
1300 843 1433 883 Deus.
1467 842 1515 882 Si
1544 843 1656 894 quis,
1687 841 1850 895 inquit,

531 917 727 967 usurpat
756 914 872 954 hanc
895 916 1178 966 potestatem,
1211 913 1478 954 contradicit
1505 912 1586 959 illi,
1618 912 1695 963 qui
1726 911 1853 951 dicit:

531 984 665 1024 Meus
696 986 759 1024 est
790 983 912 1023 orbis
943 986 1063 1023 terre
1095 985 1134 1022 et
1158 983 1393 1034 plenitudo
1427 982 1534 1021 eius.
1567 980 1668 1021 Non
1697 981 1850 1025 tuille,
1873 995 1911 1019 10

532 1054 587 1093 de
607 1065 691 1105 qno
707 1053 955 1105 propheta:
986 1051 1042 1092 Et
1063 1052 1149 1092 erit
1171 1052 1322 1092 ornnis
1342 1055 1470 1091 terra
1494 1051 1721 1103 possessio
1743 1050 1852 1090 eius,

536 1120 742 1164 Clzristns
771 1122 842 1161 hic
872 1124 947 1169 est,
985 1121 1063 1172 qui
1088 1121 1418 1172 possessionem
1456 1120 1544 1159 sibi
1580 1119 1786 1159 vendicat
1816 1121 1855 1158 et

533 1192 631 1231 iure
653 1190 903 1231 creacionis
925 1192 963 1229 et
983 1190 1146 1229 merito
1169 1189 1470 1229 redenicionis
1492 1191 1530 1227 et
1551 1188 1666 1228 dono
1687 1187 1854 1227 Patris.

537 1258 623 1301 Cui
655 1260 776 1300 enim
808 1258 943 1298 alteri
974 1258 1146 1298 dictum
1179 1260 1261 1298 est:
1291 1257 1479 1297 Postula
1511 1269 1540 1296 a
1571 1269 1643 1296 nie
1675 1259 1713 1296 et
1739 1256 1855 1296 dabo

534 1329 613 1368 tibi
638 1330 805 1380 gentes,
837 1326 1130 1367 hereditatem
1159 1329 1288 1366 tuani
1311 1329 1350 1366 et
1356 1326 1689 1378 possessionem
1712 1328 1854 1377 titani,
1875 1332 1911 1365 15

535 1398 754 1437 terminos
804 1399 935 1448 terre,
982 1395 1316 1448 possessionem
1361 1398 1400 1435 et
1442 1394 1702 1446 dominium,
1754 1394 1860 1434 cede

534 1466 650 1518 lzuic,
683 1469 731 1504 tu
761 1476 924 1505 curam
956 1464 1081 1504 illins
1111 1464 1234 1513 habe,
1264 1476 1384 1515 pars
1414 1466 1494 1503 tua
1524 1464 1611 1512 liec,
1643 1463 1769 1502 ultra
1800 1474 1854 1502 ne

537 1536 751 1575 extendas
788 1546 995 1574 manuni.
1045 1533 1106 1573 Et
1144 1538 1258 1586 post
1289 1532 1436 1573 obicit
1478 1545 1566 1585 per
1595 1532 1687 1571 hoc
1727 1531 1855 1584 quod

536 1605 651 1645 idem
685 1607 748 1644 est
771 1615 957 1656 preesse
988 1606 1027 1643 et
1053 1603 1302 1651 dominari,
1335 1602 1421 1641 sed
1441 1602 1532 1641 hoc
1560 1606 1719 1654 negat,
1751 1613 1854 1641 cuni

536 1674 639 1714 bene
665 1676 829 1725 preest,
860 1672 938 1723 qui
962 1675 1113 1724 preest
1144 1671 1191 1711 in
1221 1671 1535 1719 sollicitudine,
1568 1671 1677 1710 villa
1709 1670 1854 1710 eciam
1871 1686 1913 1710 20

535 1743 731 1783 subiecta
764 1745 826 1782 est
856 1741 1003 1782 villico
1037 1744 1075 1781 et
1107 1741 1322 1780 dominus
1350 1741 1574 1793 parvulus
1603 1739 1855 1792 pedagogo.

535 1811 608 1851 Ita
639 1815 678 1851 et
708 1814 768 1861 tu,
799 1811 954 1862 inquit,
979 1810 1145 1863 presis,
1183 1812 1231 1849 nt
1255 1809 1516 1861 provideas,
1554 1811 1601 1848 ut
1631 1809 1853 1853 consulas,

536 1884 584 1920 ut
620 1892 844 1932 procures
886 1882 925 1920 et
966 1891 1122 1928 serves,
1160 1879 1314 1930 presis
1344 1881 1392 1917 ut
1419 1878 1586 1930 prosis,
1625 1878 1778 1929 presis
1808 1880 1857 1916 ut

535 1950 695 2001 fidelis
725 1961 885 1989 servus
927 1951 965 1988 et
1001 1949 1224 2001 prudens,
1268 1950 1317 1987 ut
1353 1948 1431 1988 des
1461 1947 1669 1987 subiectis
1705 1958 1855 1986 escam

536 2020 583 2058 in
616 2022 830 2070 tempore,
860 2018 940 2058 hoc
971 2020 1045 2069 est,
1080 2020 1129 2057 ut
1159 2017 1402 2069 dispenses,
1440 2028 1528 2056 non
1560 2019 1608 2056 ut
1638 2015 1911 2067 iinperes;25

534 2088 614 2128 lzoc
632 2087 720 2139 fac
752 2091 791 2127 et
821 2087 1059 2127 dominari
1079 2090 1119 2126 te
1140 2098 1229 2126 non
1252 2086 1432 2139 affectes
1451 2085 1688 2125 hominum
1708 2085 1854 2136 houm,

536 2160 692 2197 utnon
725 2157 985 2197 dominetur
1015 2157 1082 2196 tni
1113 2156 1355 2196 iniusticia.

249 2226 378 2254 H0W10
400 2225 522 2253 diSoeffl
594 2226 670 2265 Ex
711 2225 814 2267 istis
865 2226 1005 2278 plane
1051 2224 1288 2277 colligitur
1337 2237 1505 2264 sensus
1557 2222 1856 2263 discernendi

284 2269 301 2288 a
321 2260 486 2288 Caesarian

265 2295 497 2364 Ρῐὲξζὲἰζῖἓῐῐὲξ
538 2295 835 2336 sacerdotem
879 2307 1120 2335 cesaream
1165 2307 1190 2334 a
1234 2293 1405 2334 Christi
1452 2292 1699 2346 discipulo⁷
1750 2305 1854 2331 nam

331 2363 443 2392 chnst.
538 2377 757 2405 cesareus
806 2364 1018 2404 innititur
1069 2363 1206 2403 titulo
1241 2361 1428 2412 cesaris,
1468 2361 1853 2419 *dominacionem
1871 2371 1913 2403 30

539 2433 740 2488 exigens
763 2438 813 2473 et
834 2434 1109 2482 observans,
1142 2445 1196 2472 ae
1226 2431 1436 2472 intentus
1467 2431 1781 2471 mundialibus
1802 2430 1855 2470 fit

539 2502 722 2542 exhinc
743 2502 790 2542 in
814 2502 971 2543 officio
997 2502 1126 2555 quod
1147 2500 1358 2542 Christus
1379 2500 1582 2542 instituit
1605 2499 1855 2553 negligens

612 2637 639 2665 8.
676 2638 775 2666 Codd.
815 2637 845 2665 iu
884 2645 999 2672 marg:
1056 2637 1240 2664 Dominae-io
1280 2645 1362 2672 pape
1422 2636 1619 2664 interdicitur
1661 2636 1855 2664 universalis.

542 2693 585 2719 12,
610 2684 652 2713 13.
674 2687 703 2711 et
722 2684 809 2717 iure;
828 2683 937 2711 codd.:
960 2691 1056 2718 opere
1075 2683 1244 2710 creationis
1263 2683 1384 2710 metito.
1459 2682 1491 2710 13
1525 2682 1646 2715 Pam-1¹37
1672 2683 1780 2709 codd.:
1798 2690 1855 2718 po-

538 2732 667 2759 testatis.
743 2730 790 2758 28.
814 2730 846 2758 B.
868 2730 897 2757 in
920 2737 1034 2764 marg.:
1058 2729 1170 2757 Omnes
1192 2737 1275 2764 pape
1296 2733 1369 2764 post
1392 2729 1587 2756 dotacionem
1613 2738 1637 2756 e.
1661 2737 1686 2756 v.
1712 2728 1856 2756 dicuntur

539 2778 661 2806 cesarei
678 2777 867 2805 sacerdotes.
892 2776 961 2804 Rec.
984 2784 1066 2803 man.

615 2871 664 2893 10.
690 2861 747 2893 Ps.
773 2860 890 2900 XLIX,
916 2868 964 2893 11.
1067 2870 1115 2892 11.
1142 2860 1198 2892 Ps.
1226 2859 1308 2898 CIII,
1337 2868 1390 2900 27.
1492 2869 1539 2899 14.
1566 2860 1621 2892 Ps.
1649 2859 1687 2901 Π,
1714 2858 1746 2892 8,
