2078 3338
192 273 280 302 CAP.
307 265 391 322 XII]
588 278 647 309 DE
673 278 954 310 POTESTATE
980 279 1110 311 PAPE.

189 383 324 432 scitis,
358 386 406 423 ut
435 383 655 423 reveletur
684 383 732 423 in
758 395 839 423 suo
861 386 1082 436 tempora
1113 397 1223 426 nam
1246 387 1503 428 misterium

193 454 285 493 iarn
308 455 526 505 operatur
552 452 818 505 iniquitatis,
858 456 1035 494 tantum
1064 456 1213 507 utqui
1243 460 1355 497 tenet
1386 469 1506 497 nunc

189 525 346 575 teneat,
379 523 516 562 donec
547 522 601 562 de
631 522 779 562 rnedio
800 522 904 574 fiat.
936 522 991 563 Et
1004 527 1109 564 tunc
1139 526 1411 566 revelabitur
1431 527 1505 567 ille

188 594 381 645 iniquus,
403 604 534 644 quern
556 593 768 632 dominus
790 592 946 633 Inesus
966 593 1201 645 interficiet
1220 596 1388 648 spiritu
1410 597 1506 637 oris

157 667 172 698 5
188 663 261 704 sui
282 665 321 703 et
341 663 537 703 destruet
559 662 866 702 illustracione
887 663 1107 703 adventus
1127 664 1202 704 sui
1232 677 1348 718 euin,
1375 666 1505 706 cuius

189 736 251 773 est
293 733 509 773 adventus
557 733 805 772 secundum
857 733 1171 785 operacioneni
1221 735 1408 776 sathane
1456 736 1504 776 in

188 803 314 843 omui
356 802 518 842 virtute
560 805 600 842 et
640 802 787 854 siguis
818 805 857 842 et
880 803 1115 855 prodigiis
1144 805 1435 845 mendacibus
1466 809 1504 845 et

188 873 235 912 in
267 871 394 912 onini
421 871 682 912 seduccione
713 871 963 923 iniquitatis
992 873 1092 926 hiis,
1125 873 1202 925 qui
1218 877 1421 927 pereunt,
1455 887 1502 915 eo

187 942 305 993 quod
345 941 583 981 caritatem
628 941 833 981 veritatis
862 954 951 982 non
983 946 1255 996 receperunt,
1299 947 1347 984 ut
1387 945 1504 985 salvi

135 1025 172 1045 10
174 1011 364 1062 fierent,·
393 1010 493 1051 ideo
524 1011 667 1051 mittet
696 1010 787 1051 illis
811 1010 936 1052 Deus
966 1012 1283 1064 operacioneni
1315 1015 1502 1066 erroris,

187 1083 235 1120 ut
255 1081 443 1120 credant
463 1081 715 1133 mendacio,
748 1083 796 1120 ut
820 1081 1077 1122 iudicentur
1107 1094 1274 1131 ornnes,
1307 1083 1384 1135 qui
1414 1095 1503 1123 non

185 1150 476 1191 crediderunt
522 1150 716 1202 veritati,
767 1151 846 1191 sed
895 1155 1214 1193 consenserunt
1262 1153 1502 1205 iniquitati.

186 1219 333 1259 Istum
378 1224 530 1259 autem
573 1223 759 1259 textum
812 1220 1039 1273 exposuit
1080 1221 1379 1275 Augustinus
1431 1235 1502 1263 se-

188 1288 391 1329 cundum
432 1293 616 1342 partem
661 1302 723 1328 ex
768 1294 897 1330 certa
928 1289 1134 1331 sciencia
1166 1296 1213 1332 et
1244 1291 1502 1332 secundum

134 1363 168 1395 15
187 1358 319 1398 aliam
332 1364 513 1412 partem
534 1364 770 1412 tamquam
792 1372 982 1400 sensum
1001 1360 1318 1413 probabilem;
1344 1367 1502 1402 certus

187 1433 259 1469 est
302 1428 424 1469 enim
468 1428 597 1482 quod
637 1427 903 1482 Apostolus
941 1429 1016 1470 hic
1046 1430 1249 1483 loquens
1281 1431 1340 1470 de
1370 1430 1502 1471 Anti-

186 1498 360 1539 christo
404 1503 547 1539 vocat
599 1512 705 1539 eum
755 1498 990 1540 hominem
1033 1499 1221 1553 peccati
1270 1506 1317 1541 et
1357 1499 1501 1541 filium

183 1567 486 1623 per-dicionis,
546 1567 625 1621 qui
677 1567 921 1609 extollitur
973 1582 1115 1622 super
1166 1583 1315 1623 omne,
1373 1570 1502 1623 quod

186 1638 356 1679 dicitur
376 1638 523 1680 Deus.
553 1638 641 1678 Est
661 1637 832 1678 iterum
854 1638 1154 1691 Augustinus
1177 1639 1299 1680 sicut
1326 1645 1374 1680 et
1393 1639 1500 1692 pius

128 1721 170 1742 20
185 1709 440 1762 theologus
473 1708 532 1748 de
562 1708 653 1748 hoc
677 1713 848 1758 certus,
882 1708 1011 1761 quod
1034 1708 1312 1762 cuicumque
1332 1708 1502 1750 viatori

183 1777 274 1818 iste
309 1777 613 1818 condiciones
644 1776 932 1817 conveniunt
962 1777 1038 1817 hic
1072 1784 1146 1818 est
1165 1777 1499 1819 Antichristus.

183 1847 246 1887 Et
289 1852 362 1887 est
394 1846 543 1887 tercio
574 1846 666 1887 iste
703 1851 893 1887 sanctus
933 1853 1089 1888 certus
1125 1848 1254 1900 quod
1287 1847 1499 1888 Christus

64 1918 145 1959 242¹³
182 1929 278 1957 non
310 1916 472 1957 veniet
515 1917 572 1957 ad
618 1916 740 1957 diem
770 1916 921 1958 finalis
951 1916 1122 1970 iudicii,
1166 1931 1306 1970 quem
1336 1918 1340 1970 Ι
1368 1917 1498 1971 Apo-

184 1988 333 2027 stolus
365 1992 510 2027 vocat
547 1986 668 2026 diem
698 1986 905 2039 Domini,
949 1986 1236 2027 iudicaturus
1268 1987 1404 2027 vivos
1451 1992 1499 2027 et

127 2058 166 2092 25
182 2062 393 2097 mortuos
435 2055 525 2097 nisi
575 2056 705 2110 prius
749 2054 949 2097 venerit‘
987 2056 1045 2096 ad
1087 2057 1408 2097 seducendum
1451 2057 1497 2097 in

1711 284 1790 322 325

184 2126 333 2167 anima
388 2132 600 2168 mortuos
659 2125 758 2167 eius
816 2126 1112 2167 adversarius
1162 2126 1495 2169 Antichristus.
1522 2135 1590 2164 The
1609 2141 1668 2164 tem
1696 2137 1723 2164 le
1744 2137 1778 2164 of

181 2196 338 2237 Primo
363 2197 492 2250 quod
521 2196 613 2237 iste
637 2196 697 2237 sit
720 2209 888 2237 sensus
909 2202 1072 2237 textus
1094 2196 1332 2250 Apostoli,
1365 2197 1493 2250 quod

184 2266 519 2319 Antichristus,
578 2279 718 2320 quem
752 2271 892 2306 vocat
923 2266 1153 2319 refugam,
1212 2265 1400 2306 sedebit
1449 2266 1495 2306 in

181 2336 361 2390 templo
404 2336 509 2390 Dei,
561 2337 652 2377 hoc
705 2341 779 2376 est
818 2335 867 2377 in
912 2335 1125 2386 ecclesia,
1176 2348 1278 2386 non⁷
1329 2335 1495 2388 inquit,

125 2409 167 2442 30
181 2407 399 2459 templum
432 2407 629 2447 alicuius
648 2407 781 2458 ydoli
811 2407 879 2446 vel
909 2406 1115 2446 demonis
1156 2406 1376 2459 ternplum
1410 2405 1496 2445 Dei

181 2479 307 2517 vocat
337 2477 580 2529 apostolus,
612 2475 885 2528 intelligens
916 2488 1004 2528 per
1025 2474 1368 2515 Antichristum
1399 2488 1495 2515 non

181 2546 332 2586 solum
373 2545 527 2599 ipsum
570 2544 846 2598 principem,
899 2544 985 2585 sed
1026 2544 1370 2585 multitudinem
1415 2544 1493 2584 im-

180 2615 366 2669 piorum
408 2614 644 2655 hominum
675 2613 755 2668 qui
797 2619 908 2654 sunt
938 2614 1285 2667 quodammodo
1319 2626 1493 2667 corpus

182 2684 293 2726 eius.
331 2683 454 2726 Unde
483 2685 532 2725 in
558 2692 694 2737 greco
726 2684 906 2731 dicitur,
937 2687 1177 2735 tamquam
1198 2684 1247 2724 in
1273 2684 1492 2735 templum

251 2827 300 2854 24.
321 2819 360 2847 B:
381 2820 463 2847 diem
481 2821 541 2848 die.
616 2827 665 2855 27.
688 2818 805 2847 Codd.:
824 2820 927 2854 primo
946 2819 1030 2854 quod
1047 2818 1123 2845 after
1141 2818 1282 2853 aposloli.

251 2912 303 2943 29.
329 2913 406 2945 pag.
434 2903 508 2946 597.

1512 2171 1580 2199 God
1594 2179 1671 2207 prop
1698 2172 1779 2199 esied

1571 2208 1606 2233 οῖ’
1622 2206 1649 2233 is
1668 2207 1718 2234 the

1579 2241 1716 2270 Church.
