2078 3338
239 254 329 282 CAP.
349 245 407 301 x]
639 259 698 290 DE
726 259 1007 291 Porsss‘sATE
1033 259 1163 291 PAPE.

237 375 377 402 mone
422 366 533 402 sunt
573 361 698 402 inter
739 362 939 416 legistas
986 368 1033 402 et
1066 363 1266 402 clericos
1301 363 1446 403 eciam
1479 377 1556 403 ex-

237 431 577 484 proprietarios
611 437 659 472 et
691 432 906 472 dominos
945 432 1184 473 seminata.
1230 431 1327 473 Sed
1367 438 1558 485 oportet

240 500 365 553 quod
395 501 529 541 Deus
574 501 731 554 gladio
766 501 972 542 vindicte
1020 515 1159 555 quem
1204 501 1336 542 venit
1372 502 1557 542 mittere

238 570 381 610 modo
415 570 505 610 sibi
537 571 832 622 abscondito,
871 577 923 612 ut
953 571 1246 625 pestilencia,
1281 585 1450 626 guerra
1481 573 1558 612 vel

209 639 327 683 §alia
369 653 493 693 pena
535 640 756 681 racionali
801 641 1002 694 dissipet
1043 642 1158 682 istas
1191 642 1400 693 fraudes;
1446 647 1558 682 tunc

241 709 362 749 enim
406 709 531 751 foret
576 711 728 751 clerus
772 712 1172 764 proporcionatus
1204 711 1252 752 in
1282 725 1478 753 numero
1514 718 1560 751 et

239 779 430 830 virtute,
476 780 557 820 ubi
600 780 689 820 iam
733 781 932 822 nocivus
978 787 1052 822 est
1096 781 1305 835 undique
1350 781 1472 822 vivis
1513 786 1561 821 et

239 849 454 889 mortuis:
507 850 629 890 vivis
673 864 769 890 non
813 851 1029 891 faciendo
1085 850 1301 892 clericale
1355 851 1559 891 officium

239 919 425 971 peccati
446 919 613 973 populi
646 920 999 971 destructivum,
1034 926 1082 961 et
1103 921 1297 962 mortuis
1320 934 1414 961 non
1447 920 1561 960 miti-

188 1009 225 1030 10
240 990 397 1041 gando
441 1003 611 1043 penam
657 990 988 1031 defunctorum
1020 1004 1158 1044 quam
1198 1005 1259 1031 ex
1292 990 1446 1031 stultis
1481 991 1560 1030 do-

240 1058 378 1099 nariis
401 1059 665 1112 paciuntur.
694 1060 756 1100 Et
776 1060 867 1101 ista
888 1061 1094 1115 argucia:
1119 1062 1227 1101 Hoc
1248 1062 1375 1101 bene
1398 1065 1563 1114 potest

240 1128 356 1179 fieri,
394 1128 539 1183 igitur
570 1143 667 1170 non
700 1131 846 1172 debet
878 1131 1066 1184 corrigi,
1098 1133 1272 1172 multos
1307 1136 1458 1181 cecat;
1493 1143 1560 1170 se-

242 1198 411 1239 curitas
446 1204 599 1240 autem
623 1201 769 1240 debet
793 1201 1089 1241 confidenter
1113 1200 1385 1254 exspectari
1408 1214 1432 1240 a
1452 1201 1560 1240 Deo

239 1280 335 1307 non
379 1269 556 1318 seculo,
602 1274 650 1309 et
692 1268 740 1308 in
782 1270 875 1310 hoc
909 1271 1056 1311 debet
1088 1270 1267 1324 sperari
1298 1275 1391 1310 tam
1423 1269 1562 1309 nobis

187 1347 223 1379 15
241 1350 378 1389 quam
399 1337 547 1391 laycis
570 1351 682 1378 vera
704 1339 948 1390 securitas,
983 1345 1031 1380 et
1057 1340 1166 1380 ideo
1189 1339 1394 1393 precipit
1422 1339 1562 1379 nobis

240 1408 498 1460 Apostolus
543 1408 718 1450 Hebre.
763 1409 941 1460 ultimo,
988 1410 1117 1463 quod
1165 1422 1329 1450 snmus
1372 1409 1564 1449 contenti

233 1479 532 1531 presentibus,
562 1479 628 1519 ita
649 1480 768 1531 quod
789 1480 1063 1531 confidenter
1084 1480 1318 1520 dicamus:
1333 1479 1564 1519 Dominus

240 1548 378 1588 michi
421 1549 607 1589 adiutor
650 1552 689 1589 et
729 1560 820 1589 uon
864 1550 1039 1599 timebo,
1084 1551 1194 1602 quid
1224 1549 1380 1602 factat
1424 1548 1562 1589 michi

239 1618 383 1658 homo.
436 1617 498 1657 Et
539 1617 648 1658 hinc
693 1619 896 1671 petimus
947 1619 996 1659 in
1041 1619 1263 1659 oracione
1311 1618 1562 1659 dominica:

182 1703 224 1726 20
234 1699 408 1740 panem
451 1691 659 1728 nostrum
703 1689 984 1729 cotidianum
1023 1690 1084 1729 da
1115 1690 1243 1729 nobis
1273 1690 1414 1729 hodie.
1465 1687 1563 1729 Sed

242 1763 289 1797 et
319 1770 407 1797 nos
441 1758 718 1798 sacerdotes
749 1758 1008 1798 innitentes
1039 1758 1207 1799 ritibus
1239 1757 1360 1813 legis
1384 1757 1562 1798 veteris

241 1827 536 1868 confidenter
580 1827 816 1868 annuatim
861 1828 962 1869 sine
1001 1828 1350 1869 thaurizacione
1387 1827 1563 1867 diutina

239 1896 515 1949 porcionem
530 1897 723 1938 Domini
757 1898 938 1939 scilicet
971 1899 1246 1939 oblaciones
1280 1904 1327 1938 et
1356 1897 1561 1938 decimas

241 1972 562 2020 expectamus.
593 1967 828 2020 Quantum
853 1969 910 2009 ad
934 1968 1179 2008 dacionem
1202 1967 1407 2017 Domini,
1430 1973 1563 2020 patet

184 2044 223 2076 25
241 2037 369 2090 quod
411 2037 459 2077 in
502 2050 672 2090 penam
715 2038 904 2091 peccati
949 2038 1028 2078 dat
1063 2038 1284 2091 indignis,
1330 2038 1459 2090 quod
1493 2036 1562 2077 eis

241 2106 417 2158 obedit,
451 2112 503 2147 ut
535 2107 649 2148 dicit
670 2107 968 2162 Augustinus
1000 2108 1048 2148 in
1070 2109 1147 2148 De
1169 2107 1344 2148 Verbis
1371 2107 1562 2147 Domini

240 2175 470 2217 Sermone
502 2176 634 2217 LIII:
672 2177 810 2225 Deus,
849 2177 1015 2231 inquit,
1054 2179 1205 2218 iratus
1244 2179 1324 2218 dat
1355 2181 1562 2217 creature

240 2248 302 2287 ad
334 2248 430 2287 eins
462 2248 737 2288 voluntatem
769 2253 808 2288 et
840 2249 961 2290 alias
985 2249 1204 2301 placidus
1242 2249 1322 2288 ctat
1354 2250 1562 2287 creature

240 2317 302 2356 ad
334 2318 430 2357 eius
461 2318 718 2366 utilitatem,
752 2319 897 2359 eciam
929 2319 1048 2370 qnod
1078 2330 1168 2358 wem
1191 2318 1360 2370 appetit
1385 2317 1559 2357 haber-e,

146 2396 202 2422 22²
240 2385 438 2439 Triplex
485 2392 640 2426 autem
682 2387 875 2440 ponitur
929 2387 1199 2440 exemplum
1227 2388 1231 2439 Ι
1259 2386 1412 2440 primi,
1456 2399 1562 2425 nam

311 2545 339 2573 8.
362 2545 462 2573 codd,
475 2546 503 2573 in
518 2554 621 2581 marg:
640 2546 747 2574 Clerus
761 2547 913 2582 quomodo
932 2550 1021 2574 nocet
1035 2546 1112 2574 vivis
1132 2549 1161 2573 et
1174 2546 1316 2573 mortuis.
1391 2554 1418 2581 9.
1443 2545 1560 2573 Codd.:

241 2593 435 2620 destructum.
524 2600 567 2627 17.
590 2592 690 2620 Codd.
706 2593 736 2620 in
754 2601 870 2628 marg:
892 2593 958 2620 Dat
975 2593 1058 2620 Deus
1078 2593 1222 2628 indignis
1246 2593 1288 2619 ad
1305 2600 1416 2627 penam
1429 2592 1561 2626 peccati.

242 2646 291 2672 24.
312 2638 492 2672 dacz'onem,·
512 2638 551 2666 B:
573 2639 779 2667 dotacionem.
854 2638 902 2667 30.
924 2638 1025 2667 Codd.
1045 2638 1075 2666 in
1098 2646 1213 2673 marg:
1242 2638 1462 2666 Exaudiantur
1487 2638 1567 2665 mali

241 2692 260 2712 a
281 2685 348 2712 Deo
365 2684 427 2712 sibi
443 2685 474 2712 in
488 2693 614 2720 penam.

317 2767 366 2802 16.
393 2769 498 2802 Hebr.
519 2769 606 2811 XIII,
628 2769 657 2813 5,
675 2768 708 2801 6.
805 2777 858 2803 20.
887 2770 1004 2802 Lucae
1019 2770 1075 2808 XI,
1096 2770 1125 2803 3.
1224 2779 1277 2810 27.
1305 2769 1398 2810 Opp.
1415 2774 1501 2799 torn.
1520 2769 1562 2810 V,

247 2825 348 2869 1378:
375 2826 576 2869 Aliquando
601 2828 696 2859 Deus
723 2827 828 2859 iratus
860 2828 918 2860 dat
949 2828 1046 2870 quod
1080 2827 1169 2869 petis
1202 2832 1235 2858 et
1260 2827 1355 2858 Deus
1388 2826 1561 2869 propitius

241 2891 343 2927 negat
369 2886 464 2926 quod
492 2886 591 2927 petiS.

1363 2941 1423 2974 16*

1766 264 1844 302 243

1627 374 1787 401 Mammon

1585 417 1668 436 sows
1690 409 1736 436 llis
1758 409 1829 444 gifts

1620 451 1733 478 amour,Y
1753 445 1802 471 the

1573 479 1683 514 clergy,
1706 479 1838 514 invitiug

1662 514 1686 541 C
1698 513 1760 540 Jd's

1619 556 1801 584 vengeance.
