2078 3338
196 273 287 302 CAP.
308 263 348 320 1.]
590 276 650 308 DE
678 275 958 307 POTESTATE
988 275 1116 307 PAPE.
1756 278 1769 304 1
1780 277 1802 314 5

197 381 383 421 casibus
416 380 543 420 curie
573 379 842 433 reservatis,
888 384 936 420 et
965 392 1096 432 pono
1136 379 1266 432 quod
1298 378 1514 419 dominus

195 464 319 504 papa
336 455 443 491 ante
459 450 713 490 adventum
728 449 960 489 bullarum
977 448 1024 488 in
1039 447 1261 501 Angliam
1278 448 1513 500 moriatur,

194 526 308 561 tunc
356 519 571 560 dominus
614 532 740 572 papa
781 531 871 558 nec
914 532 1002 572 pro
1045 517 1238 559 instanti
1275 517 1516 572 propositi

196 590 268 631 sui
313 589 590 630 conferendi
620 589 765 629 Petro
809 592 1098 642 potestatem
1133 588 1403 629 huiusmodi
1435 587 1514 628 im-

163 669 179 701 5
195 658 353 713 primit
373 659 421 699 in
442 659 591 699 Petro
615 658 774 698 subito
806 657 1073 698 huiusmodi
1103 663 1395 711 potestatem
1426 670 1515 697 nec

194 743 282 782 pro
317 729 472 783 aliquo
504 728 761 783 posteriori
782 727 1030 781 signando.
1060 727 1122 768 Et
1141 728 1271 768 idem
1293 727 1516 768 iudicium

195 799 254 839 de
287 799 499 852 qualibet
521 803 748 850 creatura,
783 811 877 852 que
902 798 1034 838 daret
1057 797 1191 838 alteri
1211 802 1514 851 potestatem7

193 868 338 923 igitur
382 882 478 909 non
524 874 599 909 est
650 869 802 922 aliqua
845 873 1063 922 potestas
1106 868 1375 909 huiusmodi
1426 867 1517 908 nisi

193 939 304 979 ficta
315 953 325 990 ;
358 952 455 979 non
489 937 612 978 enim
642 943 807 992 potest
829 937 1004 979 Christi
1025 937 1228 978 vicarius
1261 939 1320 978 ad
1351 943 1516 978 votum

140 1026 180 1049 10
192 1008 463 1062 imprimere
506 1013 600 1048 tam
645 1008 874 1049 distanter
919 1007 1190 1061 qualitatem
1225 1007 1273 1048 in
1307 1007 1515 1061 animam,

195 1078 304 1131 quia
324 1083 437 1118 tunc
457 1077 585 1118 foret
607 1077 896 1131 superfluum
919 1077 1203 1118 auctorizare
1224 1082 1517 1130 potestatem

192 1147 461 1188 huiusmodi
503 1161 591 1201 per
634 1148 802 1200 bullas,
855 1153 902 1188 et
954 1147 1177 1188 continue
1228 1152 1343 1200 post
1392 1146 1519 1188 foret

195 1217 325 1258 accio
357 1231 483 1271 pape
514 1217 836 1272 impertinens,
881 1216 1005 1258 sicut
1035 1217 1161 1258 foret
1190 1217 1298 1270 ipso
1329 1222 1516 1257 mortuo

80 1289 158 1332 164tl
193 1301 282 1341 pro
313 1287 505 1328 instanti
533 1289 538 1341 Ι
565 1287 741 1335 noticie
774 1287 1017 1329 bullarum.

142 1367 179 1400 15
251 1358 314 1398 Et
344 1371 432 1411 per
460 1357 587 1398 idem
619 1357 848 1411 sequitur,
894 1357 1026 1411 quod
1056 1370 1152 1397 non
1186 1356 1401 1397 subiacet
1431 1369 1515 1410 po·
1538 1385 1594 1416 *or
1613 1378 1726 1405 revoke
1746 1385 1782 1404 or

194 1427 357 1469 testati
399 1441 483 1468 sue
534 1441 761 1468 revocare
810 1433 1101 1481 potestatem
1145 1440 1169 1467 a
1210 1428 1318 1467 Deo
1364 1427 1517 1467 datam
1536 1420 1803 1483 giffssessssssypssffis

194 1511 284 1538 nec
327 1498 486 1538 laxare
530 1502 820 1551 potestatem
851 1497 983 1551 prius
1014 1496 1219 1550 ligatam,
1265 1496 1387 1537 sicut
1424 1510 1516 1537 non

197 1569 363 1609 subest
405 1567 636 1621 potestati
680 1581 763 1608 sue
808 1567 939 1621 quod
983 1567 1378 1621 quandocumque
1410 1579 1515 1619 pre-

196 1637 351 1678 tendit
382 1650 433 1678 se
467 1637 581 1679 dare
612 1642 904 1691 potestatem
933 1636 1202 1677 huiusmodi
1230 1637 1360 1690 quod
1385 1635 1517 1677 Deus

143 1726 184 1747 20
199 1712 449 1748 concurrat
490 1708 699 1760 prebens
742 1707 1066 1761 principaliter
1103 1712 1405 1760 potestatem.
1457 1706 1520 1746 Et

199 1776 332 1818 aliter
366 1782 544 1818 certum
584 1783 658 1818 est
708 1778 838 1831 quod
869 1791 966 1818 non
999 1777 1134 1818 datur
1164 1782 1381 1830 potestas
1413 1776 1518 1816 talis

199 1848 255 1887 ab
299 1846 509 1897 homine3
556 1846 679 1887 sicut
720 1846 865 1900 igitur
907 1859 1005 1886 non
1043 1846 1178 1887 datur
1208 1851 1424 1899 potestas
1455 1845 1518 1885 in-

196 1916 343 1957 habili
356 1918 434 1957 vel
453 1916 617 1968 invito,
633 1916 701 1957 sic
722 1930 811 1957 nec
833 1921 1112 1970 potentatus
1128 1917 1207 1957 dat
1227 1921 1519 1970 potestatem

199 1986 333 2027 alteri
364 1986 404 2027 si
435 1986 693 2040 pretendit,
738 1987 873 2028 aliter
916 1986 1038 2027 enim
1070 1992 1274 2040 possent
1303 1986 1518 2026 homines

141 2065 181 2097 25
196 2055 245 2095 in
267 2069 319 2096 se
333 2061 626 2109 potestatum
650 2055 931 2097 commercia
954 2055 1175 2109 experiri,
1209 2061 1257 2096 et
1281 2055 1518 2110 generalis

197 2125 369 2165 volicio
402 2139 493 2179 qua
526 2126 675 2166 omnis
707 2139 833 2180 papa
865 2126 968 2166 vult
1009 2125 1138 2180 quod
1170 2138 1334 2166 omnes
1369 2138 1518 2165 sacer—

199 2195 336 2236 dotes
386 2194 559 2236 Christi
608 2196 790 2236 habiles
843 2201 891 2236 et
941 2196 1095 2236 solum
1145 2196 1266 2236 tales
1315 2195 1520 2235 habeant

197 2270 484 2318 potestatem
529 2271 744 2307 causaret
786 2267 931 2321 longe
977 2265 1110 2307 aliter
1155 2278 1293 2319 quam
1330 2270 1521 2318 reputat

199 2335 399 2376 ecclesia
429 2340 732 2389 potestatem.

141 2416 183 2448 30
255 2404 309 2445 In
351 2404 441 2446 ista
490 2406 684 2447 materia
729 2405 917 2447 videtur
965 2405 1077 2446 mihi
1129 2406 1259 2459 quod
1302 2410 1518 2458 potestas
1573 2427 1684 2454 Yetbe
1704 2435 1754 2454 ma

198 2474 312 2516 dicit
332 2488 457 2516 nunc
480 2476 696 2517 absolute
719 2475 989 2529 potenciam
1022 2475 1078 2515 ad
1109 2475 1430 2529 regulandum,
1471 2480 1519 2515 et
1544 2462 1793 2525 h2}ea{¹t³fiefftgic¹t

197 2558 320 2585 nunc
369 2545 482 2586 dicit
533 2545 845 2601 aggregative
896 2545 1166 2599 potenciam
1216 2545 1357 2586 talem
1412 2559 1517 2585 cum
1552 2532 1785 2594 Ξξοξὲξζξᾚξῇ

196 2615 529 2657 notificacione
553 2621 631 2657 aut
651 2615 1041 2670 promulgacione
1065 2615 1310 2667 autentica,
1344 2620 1392 2656 et
1415 2628 1518 2655 cum
1552 2604 1606 2629 ¹¹³³
1627 2602 1789 2630 ⁰¹'d³¹¹¹ed·

268 2774 352 2804 2—3.
374 2776 441 2804 AB:
463 2779 579 2803 anle—
593 2783 679 2812 papa
702 2776 796 2803 deest.
816 2775 851 2802 In
867 2775 936 2803 cod.
952 2777 981 2803 A
1001 2775 1032 2803 in
1053 2783 1151 2811 marg.
1167 2775 1226 2803 alia
1246 2783 1340 2803 manu
1362 2776 1514 2804 additum.

197 2821 247 2850 30.
268 2823 322 2850 AB
342 2822 373 2849 in
395 2830 509 2857 marg:
530 2822 690 2856 Potestas;
710 2822 749 2850 B:
770 2821 941 2857 Responsio
960 2822 1002 2849 ad
1021 2822 1181 2850 obiectum.

268 2907 414 2940 30—33.
443 2906 559 2938 Hussii
587 2906 679 2949 Opp.
706 2904 800 2940 213b.
