2078 3338
215 266 267 303 88

221 943 245 969 1t
265 942 292 968 is
314 940 407 979 urged
430 941 493 968 that

247 984 340 1012 many
361 980 458 1003 samts

228 1012 305 1038 have
324 1011 481 1045 approved

229 1046 264 1073 of
279 1046 487 1073 endowment.
510 1074 517 1081 ⁸

243 1858 294 1885 All
315 1857 411 1884 saints
432 1864 483 1883 are

284 1896 337 1919 not
356 1897 386 1919 to
409 1892 444 1918 be

262 1926 405 1955 followed
427 1926 457 1953 in

278 1963 314 1989 all
335 1962 455 1996 things;

296 2005 370 2024 even
389 1998 440 2023 the

295 2032 431 2066 apostles

273 2065 453 2094 committed

314 2102 416 2130 fanus,

946 277 1173 308 „IOHANNIS
1199 276 1385 308 WYCLIF
1653 263 1760 320 [CAP.
1780 274 1819 301 v.

504 376 639 416 istam
673 379 964 420 sentenciam
998 394 1133 433 quam
1168 379 1277 419 olim
1300 379 1453 419 fuerat
1477 380 1524 420 in
1545 381 1818 433 prophetas.

506 448 648 490 Cuius
701 462 840 490 causa
891 454 964 490 est
1016 449 1123 502 quia
1174 448 1446 502 superiores
1497 449 1697 490 ecclesie
1743 449 1821 503 qui

504 518 726 558 videntur
759 532 866 560 esse
899 518 1073 572 aliquid
1103 523 1469 572 perseveranter
1506 518 1823 572 dogmatizant

506 587 792 641 oppositum,
827 601 931 628 cum
965 601 1142 629 summe
1176 588 1341 628 odiunt
1366 587 1594 628 recedere
1618 601 1643 628 a
1663 588 1823 629 mundi

506 656 700 710 deliciis,
734 657 906 710 quibus
931 671 992 698 ex
1015 657 1335 698 declinacione
1363 671 1390 697 a
1413 656 1585 698 Christi
1605 657 1852 713 vestigiisfi

506 731 599 766 tam
633 725 711 766 diu
743 727 943 768 subdole
967 732 1077 768 sunt
1099 726 1255 780 sopiti.
1289 726 1540 779 Quomodo
1563 726 1707 782 igitur
1727 740 1823 767 non

507 796 761 836 duceretur
783 809 946 838 currus
975 796 1023 837 in
1057 795 1366 850 precipicium
1396 795 1527 837 cuius
1549 796 1754 837 veredus
1777 801 1825 837 et

508 864 668 919 auriga
700 865 830 905 ducit
861 871 953 906 tam
986 865 1170 906 fervide
1204 866 1264 906 ad
1298 866 1545 907 deorsum?

567 933 788 975 Secundo
834 934 1038 975 obicitur
1080 949 1168 989 per
1210 935 1302 976 hoc
1346 935 1471 989 quod
1510 935 1643 975 multi
1674 934 1824 975 sancti

509 1004 806 1044 dotacionem
849 1004 1115 1045 huiusmodi
1160 1006 1503 1059 approbarunt;
1547 1018 1650 1044 curn
1680 1003 1882 1058 igiturm

508 1087 555 1113 1n
600 1072 892 1114 secularibus
937 1073 997 1114 sit
1028 1073 1166 1126 licita,
1209 1073 1334 1114 foret
1375 1073 1424 1114 in
1457 1073 1638 1114 clericis
1676 1073 1825 1127 magis

510 1148 686 1194 sancta3
710 1143 921 1196 quamvis
943 1143 1087 1197 igitur
1111 1143 1390 1197 quibusdam
1414 1142 1640 1197 expediat
1661 1142 1825 1183 vivere

511 1212 904 1266 exproprietarie,
937 1217 1093 1254 tamen
1117 1213 1312 1254 decorat
1340 1218 1491 1253 totum
1516 1226 1690 1266 corpus
1713 1212 1827 1253 cleri

510 1283 639 1336 quod
672 1282 869 1323 docetur
900 1287 952 1323 ut
982 1283 1148 1337 regina
1170 1282 1257 1323 celi
1289 1282 1349 1324 sit
1377 1282 1661 1323 circumdata
1682 1281 1827 1322 varie—

511 1357 618 1393 tate.
652 1351 730 1392 Ad
759 1351 876 1392 illud
908 1365 1025 1405 sepe
1049 1352 1223 1393 dictum
1247 1357 1320 1393 est
1342 1352 1470 1405 quod
1491 1352 1609 1392 tales
1637 1351 1828 1406 argucie
1849 1358 1884 1390 15

510 1435 606 1462 non
628 1421 910 1474 procedunt,
932 1421 1041 1462 ideo
1065 1435 1168 1462 cum
1191 1427 1382 1464 sanctus
1405 1427 1671 1463 sanctorum
1688 1421 1830 1461 docet

512 1492 663 1532 verbo
704 1496 752 1531 et
784 1504 930 1544 opere
964 1492 1092 1544 quod
1126 1492 1280 1533 clerus
1312 1505 1425 1532 suus
1464 1491 1610 1531 debet
1643 1504 1829 1531 omnem

513 1561 771 1601 secularem
792 1561 984 1601 modurn
1004 1561 1209 1601 habendi
1230 1561 1509 1615 relinquere,
1540 1565 1674 1615 patet
1701 1560 1830 1614 quod

513 1630 603 1671 sibi
636 1630 864 1671 debemus
900 1630 949 1670 in
979 1629 1071 1671 isto
1104 1631 1247 1684 plene
1281 1631 1487 1672 credere.
1547 1629 1666 1670 Nam
1698 1629 1831 1670 iuxta

514 1700 639 1740 dicta
690 1713 785 1740 non
830 1700 1058 1741 debemus
1109 1700 1306 1741 credere
1348 1700 1425 1740 vel
1474 1699 1643 1740 imitari
1693 1699 1829 1740 alium
1847 1714 1889 1736 20

515 1775 726 1810 sanctum
780 1768 995 1821 ecclesie,
1046 1769 1136 1810 nisi
1181 1769 1239 1809 de
1286 1774 1462 1823 quanto
1506 1769 1554 1809 in
1596 1768 1703 1822 ipso
1748 1782 1832 1810 sua

516 1838 758 1879 sentencia
790 1843 865 1879 est
886 1837 1089 1879 fundata.
1123 1837 1405 1892 Specialiter
1428 1843 1581 1879 autem
1602 1838 1832 1878 debemus

517 1908 711 1948 credere
746 1912 793 1947 et
825 1907 1096 1961 exemplum
1120 1921 1290 1961 capere
1321 1908 1380 1947 ab
1410 1907 1503 1948 illis
1533 1906 1721 1959 sanctis,
1754 1906 1833 1960 qui

516 1976 750 2030 primicias
783 1976 977 2030 spiritus
1008 1977 1286 2030 habuerunt,
1316 1977 1458 2017 modo
1489 1981 1645 2017 autem
1668 1975 1832 2016 ordine

515 2045 649 2087 nimis
681 2050 968 2099 prepostero
1002 2045 1249 2087 fundamus
1281 2059 1369 2087 nos
1399 2046 1448 2086 in
1470 2045 1643 2087 sanctis
1663 2044 1833 2086 infimis
1849 2051 1890 2083 25

517 2120 565 2155 et
586 2114 855 2168 postremis,
888 2114 967 2168 qui
999 2114 1147 2170 magis
1176 2115 1470 2156 declinarunt
1496 2114 1501 2167 l
1528 2115 1588 2155 ad
1609 2114 1832 2167 seculum,
1876 2118 1955 2153 182d

518 2189 849 2239 supponentes
879 2184 1134 2224 infideliter
1165 2184 1204 2225 si
1234 2184 1328 2238 ipsi
1359 2184 1426 2226 sic
1458 2184 1670 2224 fecerant
1688 2183 1833 2238 igitur

516 2257 654 2302 bene,
699 2268 804 2295 narn
855 2254 1063 2308 apostoli
1100 2255 1245 2295 multa
1283 2254 1582 2308 culpabiliter
1618 2254 1835 2295 fecerunt

519 2326 577 2365 de
622 2324 793 2378 quibus
825 2324 1066 2378 posterius
1099 2329 1208 2366 sunt
1237 2324 1447 2378 purgati;
1482 2330 1530 2364 et
1560 2324 1707 2365 multo
1741 2323 1834 2364 evi-

519 2393 713 2435 dencius
776 2393 1071 2447 posteriores
1136 2393 1437 2435 confessores
1502 2393 1837 2434 commiserunt
1851 2400 1894 2433 30

518 2464 663 2504 multa
713 2463 915 2513 crimina,
968 2464 1027 2504 de
1078 2463 1249 2517 quibus
1298 2463 1499 2504 finaliter
1541 2463 1834 2517 penitebant.

519 2535 694 2587 Magna
724 2533 884 2587 itaque
908 2533 1082 2575 cecitas
1112 2533 1160 2574 in
1183 2534 1357 2575 nostris
1388 2547 1611 2588 arguere:
1641 2532 1735 2586 ipsi
1768 2532 1835 2574 sic

519 2603 742 2653 fecerant,
786 2602 930 2657 igitur
973 2603 1108 2644 bene.
1162 2602 1278 2656 Quis
1320 2602 1465 2656 igitur
1504 2602 1645 2652 color,
1689 2601 1728 2643 si
1759 2601 1837 2643 isti

519 2687 608 2727 per
657 2686 872 2726 magnam
924 2677 1106 2726 partem
1150 2672 1248 2713 vite
1293 2686 1377 2714 sue
1425 2671 1838 2726 appropriaverint

592 2863 620 2891 9.
641 2857 670 2883 A
690 2855 721 2883 in
736 2863 848 2890 marg:
870 2855 1014 2882 Secunda
1028 2855 1162 2883 obieccio
1173 2863 1235 2890 pro
1248 2855 1425 2883 dotacione.
1504 2863 1547 2883 10.
1569 2855 1608 2883 B:
1628 2854 1737 2888 huius;
1756 2854 1842 2883 modi

523 2902 618 2930 deest.
691 2901 741 2931 32.
765 2901 881 2930 Codd.:
903 2902 988 2937 ipsis.
1062 2901 1101 2937 34
1133 2910 1188 2930 an:
1209 2902 1454 2937 approbaverint
1464 2903 1508 2936 (Ρ)
