2078 3338
238 268 327 296 CAP.
341 258 419 315 η]
630 271 690 302 DE
715 270 998 302 POTEsTATE
1024 271 1159 303 PAPE.
1765 278 1778 303 1
1795 277 1839 315 17

236 374 591 429 promulgantis,
636 376 765 428 quod
797 380 870 415 est
900 374 1077 427 falsum,
1123 389 1226 416 cum
1257 376 1472 418 infideles
1503 383 1554 418 ut
1604 387 1808 449 Balgffirzsmd

235 446 435 495 Balaam,
481 444 652 498 Cayfas
698 450 745 486 et
789 446 936 486 ceteri
980 446 1303 500 dampnabiles
1347 448 1552 501 prophe·
1609 458 1795 496 prophesjed

234 521 401 557 tarunt.
453 514 689 556 Sanctitas
720 520 878 556 tamen
923 522 996 556 est
1039 516 1224 569 signum
1263 490 1686 557 auctoritatisthough
1713 492 1842 520 wmked.

235 584 394 625 divine
438 589 486 624 et
526 583 757 625 firmitatis
800 584 1213 638 inaugmentabilis
1258 586 1554 627 auctoritatis

201 656 444 705 5humane,
478 659 525 695 et
557 654 624 694 sic
655 655 830 709 gradus
861 655 1168 709 prepositure
1193 662 1240 696 et
1262 656 1554 697 auctoritatis

233 724 383 765 civilis
415 729 685 778 nuncupate
718 731 1052 778 surrepserunt
1085 739 1188 766 cum
1221 725 1474 766 dotacione
1507 732 1554 766 et

230 794 560 848 temporalium
604 794 863 848 cupiditate
908 809 1004 836 non
1048 796 1199 836 solum
1235 796 1284 836 in
1315 797 1552 837 seculares

232 864 431 905 clericos
483 865 570 905 sed
619 865 667 905 in
718 864 902 917 fratres,
962 879 1066 905 cum
1115 865 1210 919 ipsi
1261 866 1554 907 constituunt

229 934 458 989 tribunos,
482 934 799 986 centurioneS,
824 935 1031 976 decanos
1056 941 1104 976 et
1125 936 1242 976 alios
1265 935 1387 976 sicut
1399 936 1551 988 Judei,

177 1015 216 1036 10
230 1004 309 1058 qui
347 1010 596 1045 servarunt
640 1004 918 1045 cerimonias
950 1005 1129 1046 veteris
1172 1006 1456 1054 testamenti,
1501 1012 1553 1046 ut

228 1079 437 1115 notatum
490 1080 564 1115 est
612 1074 765 1117 Exod.
808 1075 994 1117 XVIII.
1056 1074 1155 1117 Sed
1207 1081 1396 1116 servata
1437 1089 1552 1117 vera

226 1144 485 1186 humilitate
518 1144 755 1198 octuplici‚
790 1146 849 1185 de
882 1158 974 1199 qua
1005 1145 1238 1199 superius,
1279 1145 1432 1186 omnia
1461 1145 1552 1187 ista

227 1214 572 1268 superfluerent
603 1214 725 1255 sicut
756 1215 1118 1269 super-fluissent
1147 1215 1192 1256 in
1234 1216 1408 1257 sanctis
1442 1229 1550 1270 apo-

227 1284 376 1338 stolis,
421 1290 469 1326 et
511 1284 580 1325 sic
624 1285 840 1326 defectus
883 1285 1218 1327 instruccionis
1255 1285 1444 1327 virtutis
1477 1291 1551 1326 est

172 1352 210 1391 15
228 1368 377 1407 causa,
416 1368 560 1408 quare
597 1354 687 1395 ista
718 1360 828 1395 sunt
858 1356 998 1395 modo
1032 1355 1173 1397 utilia.

284 1425 363 1465 Ad
393 1425 590 1466 tercium
603 1430 737 1478 patet
752 1426 877 1479 quod
891 1432 1108 1479 potestas
1125 1425 1300 1466 ordinis
1318 1432 1392 1466 est
1412 1431 1546 1479 pote·
1580 1430 1822 1495 ΒὸῈΤοξῇθῗὲὙξτ

227 1499 323 1535 stas
360 1494 617 1548 regiminis,
664 1508 802 1548 quam
837 1494 1038 1549 quilibet
1066 1496 1212 1536 habet
1241 1495 1289 1536 in
1324 1501 1547 1549 quantum
1586 1502 1816 1565 alsffoarffisswes

225 1564 482 1618 presbiter;
516 1578 654 1618 quam
688 1566 836 1606 solum
878 1571 1177 1619 cognoscunt
1211 1565 1291 1619 qui
1311 1571 1549 1606 noverunt
1751 1559 1758 1571 ¹

226 1633 519 1686 universalia,
553 1640 601 1675 et
629 1634 708 1675 illa
731 1634 1037 1688 distinguitur
1059 1648 1084 1675 a
1105 1640 1348 1688 potestate
1372 1635 1547 1676 ordinis

169 1720 212 1744 20
227 1703 329 1745 sive
359 1704 600 1760 regiminis
635 1705 902 1746 excedente
934 1706 1131 1759 gradum
1158 1703 1546 1760 remississimuml

112 1773 191 1813 ¹90⁵
225 1775 494 1828 potestatis.
526 1774 588 1815 Et
610 1774 677 1815 sic
693 1774 819 1815 idem
834 1775 1092 1829 episcopus
1113 1776 1259 1816 habet
1279 1775 1447 1816 multas
1468 1789 1548 1829 po-

224 1849 423 1885 testates
452 1844 629 1885 ordinis
657 1844 760 1885 sive
781 1845 1036 1899 regiminis,
1068 1851 1121 1886 ut
1150 1850 1284 1899 patet
1316 1844 1546 1899 superius.

222 1913 327 1955 Nec
356 1915 566 1969 prelatus
600 1915 680 1955 dat
712 1920 877 1956 curato
909 1928 1082 1956 novam
1112 1920 1402 1969 potestatem
1422 1914 1546 1968 regi·
1598 1921 1650 1949 but
1669 1930 1685 1949 a
1705 1926 1809 1949 curate

1623 1957 1697 1984 does
1718 1962 1772 1985 not

217 1983 358 2024 minis
389 1984 479 2025 nisi
511 1985 571 2025 sit
599 1985 755 2026 fidelis
786 1999 936 2040 preco
958 1985 1052 2026 Dei
1072 1985 1203 2039 prius
1227 1984 1399 2035 dantis3
1433 1997 1544 2038 ymo
1572 1992 1789 2062 Γεεῗῖςῗὶὲὲξγ
1808 2000 1824 2019 a

166 2060 207 2094 25
222 2053 411 2095 videtur
452 2055 592 2095 michi
623 2056 752 2109 quod
795 2055 1021 2096 sacerdos
1065 2055 1195 2108 prius
1234 2055 1322 2096 fuit
1358 2054 1545 2095 debitor
1576 2061 1822 2124 Effigsosintissnisnss

224 2122 375 2164 eidem
416 2125 613 2178 populo,
659 2125 733 2165 cui
775 2138 864 2179 per
895 2125 1176 2179 episcopum
1208 2138 1342 2165 suum
1374 2138 1542 2178 prepo-
1567 2132 1815 2195 hemflffiitlgguhod

221 2193 358 2247 nitur,
403 2207 508 2234 cum
552 2195 797 2248 apostolus
841 2194 982 2236 Rom.
1026 2194 1059 2245 Ι,
1109 2207 1158 2246 14
1203 2194 1455 2235 confitetur
1497 2207 1544 2236 se
1558 2201 1765 2264 fromftwhom
1785 2189 1835 2230 th'e

222 2275 315 2304 esse
350 2261 519 2315 Grecis,
550 2263 731 2305 Latinis
761 2268 801 2304 et
821 2264 1036 2304 barbaris
1065 2264 1323 2312 debitorem,
1361 2277 1542 2304 verum·
1601 2244 1629 2272 g¹
1675 2244 1791 2266 comes.

221 2337 380 2373 tamen
432 2346 493 2373 ex
544 2346 672 2373 novo
724 2337 841 2373 voto
894 2339 941 2373 et
983 2345 1177 2373 munere
1220 2338 1419 2386 recepto
1469 2338 1544 2373 est

165 2410 208 2442 30
221 2402 419 2456 amplius
452 2402 702 2456 obligatus.
746 2402 890 2443 Ritus
924 2407 1079 2443 autem
1116 2401 1307 2456 gentilis
1340 2401 1542 2442 ecclesie

220 2470 268 2512 in
308 2472 396 2512 hac
439 2477 574 2526 parte
604 2472 794 2512 videtur
826 2472 936 2512 dare
981 2471 1225 2512 licenciam
1258 2472 1318 2512 ad
1349 2484 1541 2526 congre-

221 2542 426 2595 gandum
459 2542 756 2583 commodum
787 2543 1050 2595 temporale
1083 2547 1131 2583 et
1160 2541 1351 2582 inhabili
1384 2541 1542 2594 quoad

219 2611 389 2665 Deum,
436 2617 485 2652 et
514 2611 619 2652 talis
649 2611 892 2652 iurisdicio
936 2625 1033 2652 non
1064 2611 1246 2652 frenata
1275 2624 1364 2665 per
1395 2610 1539 2664 scrip-

220 2686 371 2722 turam
400 2681 601 2722 maxime
643 2680 890 2722 induceret
933 2686 1110 2722 sectam
1148 2680 1442 2721 Antichristi.
1488 2679 1540 2722 Si

164 2751 362 2805 35igitur
383 2751 534 2792 nostri
564 2752 742 2791 habent
771 2756 1040 2804 potestates
1071 2750 1373 2804 episcopales
1396 2762 1536 2804 pares

292 2890 335 2938 15}
356 2911 385 2938 A
404 2911 436 2938 in
456 2918 571 2945 marg:
591 2918 625 2944 3.
