2078 3338
222 240 300 279 160

248 372 276 398 4.
300 363 383 391 That
403 365 453 392 the

268 398 392 427 Church
415 401 440 427 is

243 438 362 496 greatzr
379 435 453 462 than

355 477 379 496 e.

276 801 302 828 It
322 808 388 827 was
407 800 456 827 for

244 836 292 863 his
312 840 398 869 great
417 836 483 863 Iove

226 871 293 898 that
312 871 399 898 Peter
418 880 482 899 was

224 905 340 933 chosen
361 910 392 933 to
412 906 477 934 seed

226 939 358 968 Christ’s
380 940 484 976 sheep.

964 259 981 290 J
986 258 1189 292 OHANNIS
1215 260 1402 291 WYCLIF
1634 253 1741 302 [CAP.
1765 258 1830 285 vn.

515 372 610 400 non
662 358 908 405 adhiberet
959 365 1051 406 sibi
1093 365 1401 407 multitudinis
1448 367 1733 418 testimonio,
1788 374 1835 409 et

512 440 678 489 quarto
741 435 921 477 diceret
983 436 1185 478 ecclesie
1246 441 1298 477 ut
1357 436 1528 488 maiori,
1589 437 1657 479 sic
1713 438 1835 479 enim

513 505 684 547 missus
718 512 791 547 est
811 522 838 548 a
858 521 1008 561 parva
1028 507 1354 560 apostolorum
1383 507 1598 558 ecclesia,
1630 513 1681 548 ut
1702 513 1836 561 patet

515 575 623 616 Act.
652 575 785 618 VIII.

570 646 649 685 Ad
693 651 906 687 octav-2:211
953 646 1361 687 confirmacionem
1404 647 1631 698 Johannis
1673 647 1868 689 ultimo5

515 715 596 756 ubi
639 715 812 757 Petrus
865 716 1160 767 singulariter
1209 716 1394 770 recepit
1442 722 1629 770 pastum
1677 717 1835 758 ovium

514 791 716 838 propter
757 786 1109 839 prerogativam
1152 786 1321 827 amoris
1366 800 1460 839 quo
1509 786 1744 827 Christum
1788 792 1836 828 et

516 868 691 909 corpus
714 869 848 897 suum
872 856 1117 907 dilexerat,
1145 870 1260 897 vere
1285 856 1580 897 concluditur
1606 856 1835 910 primatus

513 925 645 966 Petri
677 926 941 979 predictus3
977 927 1105 980 quod
1137 927 1176 969 si
1206 941 1332 981 papa
1362 926 1504 967 fuerit
1526 940 1702 980 expers
1730 941 1833 980 pre-

515 994 628 1035 dicti
660 995 842 1048 amoris,
875 996 989 1049 quid
1021 996 1110 1037 sibi
1143 1001 1190 1037 et
1220 996 1440 1050 papatui?
1485 996 1705 1050 Nunquid
1736 1007 1892 1037 cre-10

515 1065 665 1106 dimus
718 1065 953 1108 Christum
1009 1072 1261 1120 acceptare
1321 1080 1573 1120 personam
1627 1066 1834 1107 Romani

512 1134 752 1187 pontificis
802 1141 1003 1189 propter
1058 1136 1324 1178 elecciones
1384 1141 1465 1177 aut
1521 1135 1833 1180 invenciones

510 1204 748 1258 humanas,
789 1219 892 1246 cum
929 1206 1021 1246 hoc
1060 1205 1189 1260 quod
1225 1206 1286 1246 sit
1320 1205 1369 1246 in
1402 1205 1500 1246 vita
1539 1210 1587 1246 et
1621 1205 1833 1247 moribus

512 1273 699 1316 Christo
715 1275 1004 1316 contrarius?
1027 1276 1398 1317 Deliramentum
1411 1275 1690 1317 blasfemum
1707 1275 1833 1317 foret

510 1344 578 1385 sic
623 1346 830 1387 credere.
892 1345 1033 1387 Unde
1083 1345 1273 1387 videtur
1324 1346 1452 1399 quod
1494 1359 1619 1399 papa
1660 1345 1888 1386 timens15

508 1415 695 1456 mentiri
715 1416 936 1468 Domino,
971 1422 1185 1458 servaret
1216 1430 1268 1458 se
1298 1416 1344 1457 in
1375 1415 1601 1457 limitibus
1631 1429 1830 1469 pauper-

508 1485 617 1527 tatis
640 1490 688 1526 et
708 1486 971 1539 apostolice
992 1502 1019 1527 a
1040 1487 1214 1527 mundo
1244 1485 1559 1537 alienaeionis,
1589 1485 1637 1526 in
1660 1485 1830 1539 quibus

507 1555 701 1596 Petrum
734 1555 946 1596 Christus
985 1555 1251 1606 constituit;
1299 1561 1477 1596 certum
1516 1555 1704 1609 quidem
1744 1560 1830 1605 est7

508 1626 638 1679 quod
681 1626 720 1666 si
763 1625 986 1666 mentitur
1029 1627 1088 1666 de
1133 1625 1320 1667 Christo
1369 1631 1418 1665 et
1459 1625 1619 1674 Petro,
1667 1624 1830 1665 dicens

507 1695 635 1749 quod
665 1695 840 1736 virtute
873 1695 1190 1737 successionis
1221 1695 1396 1736 vicarie
1427 1695 1561 1735 Petri
1591 1695 1736 1735 habet
1769 1708 1830 1735 ex
1847 1710 1889 1731 20

507 1765 811 1806 ordinacione
864 1764 1023 1806 divina
1080 1770 1257 1806 tantam
1309 1764 1647 1805 excellenciam
1702 1778 1829 1805 mun-

507 1835 671 1875 danam
716 1848 860 1888 super
905 1835 1167 1885 ecclesiam,
1220 1840 1414 1888 oportet
1457 1834 1586 1888 quod
1630 1834 1830 1875 finaliter

506 1918 651 1958 super
692 1905 966 1945 verecundo
1009 1905 1254 1945 mendacio
1303 1904 1365 1945 sit
1410 1903 1669 1956 convictus,
1723 1903 1831 1957 quia

507 1989 610 2015 cum
642 1980 892 2028 peccatum
925 1975 986 2016 sit
1015 1975 1201 2016 mentiri
1233 1988 1378 2026 super
1410 1974 1639 2016 discolum
1669 1974 1718 2014 in
1738 1987 1828 2014 ma—

503 2045 623 2086 teria
652 2045 987 2098 impertinente
1017 2045 1148 2096 fidei3
1192 2050 1369 2098 quanto
1402 2044 1549 2086 maius
1580 2049 1829 2097 peccatum
1845 2048 1886 2082 25

506 2120 580 2156 est
620 2114 809 2155 mentiri
853 2128 997 2168 super
1038 2116 1208 2157 beatos
1253 2120 1301 2155 et
1345 2120 1488 2168 caput
1531 2114 1732 2156 ecclesie
1782 2113 1830 2154 in

504 2184 697 2226 materia
738 2185 861 2235 fidei,
903 2185 952 2226 in
996 2199 1088 2239 qua
1130 2191 1232 2226 tota
1265 2184 1466 2225 ecclesia
1502 2190 1576 2225 est
1607 2184 1829 2224 seducta?

506 2253 558 2295 Si
593 2254 740 2307 igitur
775 2268 900 2308 papa
939 2255 1000 2297 sit
1035 2255 1169 2296 Petri
1207 2254 1408 2295 vicarius
1437 2252 1442 2309 Ι
1470 2259 1698 2308 procuret
1740 2267 1828 2307 pro
1870 2262 1951 2290 201⁸¹

507 2324 710 2365 ecclesia
751 2325 898 2366 instar
939 2325 1079 2367 Petri.
1131 2325 1303 2367 Petrus
1355 2329 1510 2365 autem
1558 2323 1831 2378 procuravit

507 2394 693 2435 assidue
738 2395 866 2449 quod
912 2395 1064 2437 clerus
1098 2394 1271 2436 Christi
1314 2400 1575 2448 poneretur
1621 2393 1670 2434 in
1706 2398 1830 2435 statu
1846 2399 1888 2431 30

507 2464 885 2518 exproprietario
923 2465 1032 2518 plus
1068 2464 1303 2517 perfecto,
1342 2464 1472 2517 quod
1510 2464 1549 2504 si
1586 2477 1710 2517 papa
1740 2462 1829 2503 viis

509 2539 555 2573 et
586 2533 739 2574 modis
770 2533 946 2574 nitatur
978 2533 1239 2587 degradare
1278 2547 1329 2574 se
1363 2538 1413 2574 et
1445 2534 1621 2573 clerum
1659 2534 1716 2574 ab
1747 2531 1828 2572 illo

507 2608 632 2643 statu
677 2603 959 2659 evangelico
1005 2604 1062 2644 ad
1105 2608 1278 2643 statum
1315 2603 1575 2643 secularem
1605 2600 1827 2655 proprie—

505 2672 683 2724 tarium,
722 2672 826 2726 quis
859 2672 1057 2724 dubitat,
1096 2672 1208 2726 quin
1239 2671 1301 2713 sit
1331 2671 1679 2713 infidelissimus
1716 2684 1828 2724 pro-

508 2742 644 2795 ditor,
676 2756 937 2797 preparans
960 2742 1082 2783 viam
1106 2742 1341 2796 dyabolo?
1375 2741 1625 2795 Quomodo
1659 2754 1827 2794 super-
1846 2745 1885 2780 35

579 2901 605 2929 5.
626 2902 656 2929 A
675 2902 706 2929 in
726 2909 840 2937 marg.:
862 2901 910 2929 Aa
931 2901 958 2929 8.
1033 2901 1077 2930 15.
1097 2902 1150 2930 sic.
1174 2900 1292 2929 Codd.:
1312 2901 1341 2928 si
1359 2900 1495 2929 credere.
