2078 3338
213 281 302 309 CAP.
322 270 379 327 ΙΙ]
605 282 664 312 DE
689 280 972 312 POTESTATE
999 280 1132 310 PAPE.
1761 282 1812 319 29

211 387 361 438 semia,
394 399 486 439 qua
516 384 753 438 sompniat
784 389 832 424 et
862 383 974 423 facit
1015 383 1205 437 ignaros
1239 383 1434 422 credere
1467 382 1525 422 de

212 470 298 497 sua
327 454 591 496 insensibili
623 460 670 494 et
691 452 969 494 infundabili
990 457 1249 506 potestate3
1283 452 1408 491 unde
1431 465 1526 491 non

212 525 321 566 sinit
364 525 492 578 quod
538 523 812 564 scrutinium
853 536 936 563 sue
980 521 1276 575 blasphemie
1327 521 1374 561 in
1419 522 1524 561 luce

213 596 395 647 clareat,
440 599 488 634 et
529 594 642 633 licet
680 592 740 633 sit
786 598 965 632 tantum
1010 591 1234 643 errabilis,
1277 591 1526 632 blasfemat

179 663 490 718 §profundius
524 663 654 716 quod
673 663 807 702 Deus
838 668 910 702 est
939 661 1253 702 necessitatus
1287 662 1526 715 complere

211 734 365 774 omnia
396 746 479 773 sua
508 732 688 773 iudicia.
741 731 875 773 Sicut
916 731 1059 785 igitur
1096 732 1371 772 sacerdotes
1403 731 1525 785 legis
1553 752 1620 780 The
1641 753 1752 786 priests
1772 753 1801 780 in

212 803 385 844 veteris
408 816 504 843 non
524 802 743 842 fecerunt
763 801 998 842 hominem
1014 814 1176 841 sanum
1190 802 1268 841 vel
1284 802 1526 854 leprosum
1540 788 1813 850 Ηζξοξᾞυζῖψὼῗά

211 874 297 913 sed
327 873 644 922 notificabant‚
683 877 735 912 ut
764 877 898 925 patet
927 871 999 911 IV
1031 870 1386 912 Sentenciarum
1421 871 1524 912 dist.
1570 858 1780 920 d‡{?{{03¹¹1}15

209 942 381 983 XVIII
414 948 462 982 et
491 942 714 982 recitatur
743 941 952 994 inferius,
995 941 1062 981 sic
1099 941 1373 995 presbyteri
1402 927 1816 1000 16ςί5ῗῗξῖξῧξὲιῗῖῃίξξῧ

157 1029 195 1050 10
208 1026 347 1053 nove.
369 1012 424 1052 In
447 1011 577 1052 cuius
598 1012 784 1065 signum
803 1011 1015 1052 Christus
1038 1011 1284 1052 suscitavit
1303 1011 1526 1051 Lazarum
1540 1005 1570 1024 ¹¹¹
1589 997 1639 1024 the
1658 1005 1726 1025 new
1745 999 1816 1026 ΙΝ·

211 1088 259 1123 et
278 1081 394 1122 fecit
414 1082 679 1135 Apostolos
707 1080 863 1134 ipsum
885 1081 1086 1130 solvere,
1117 1085 1170 1120 ut
1191 1085 1324 1133 patet
1344 1080 1407 1130 X,
1430 1079 1524 1119 XI:

210 1156 249 1192 et
279 1154 430 1193 decem
473 1152 653 1205 leprosi,
696 1152 806 1191 dum
852 1151 944 1203 ipsi
987 1152 1116 1200 irent,
1159 1151 1373 1191 mundati
1408 1153 1524 1201 sunt,

208 1227 260 1261 ut
283 1221 450 1262 dicitur
470 1221 598 1261 Luce
620 1220 781 1273 XVII,
802 1235 863 1271 12,
892 1235 941 1272 14
963 1227 1010 1261 et
1031 1220 1247 1261 Psalmus
1269 1219 1461 1272 XXXI,
1480 1232 1524 1270 5:

208 1291 317 1331 Dixi
347 1291 588 1343 confitebor
618 1292 867 1331 adversum
900 1304 983 1343 me,
1015 1294 1054 1331 et
1084 1294 1132 1330 tu
1162 1291 1391 1331 remisisti.

158 1367 193 1398 15
266 1360 444 1401 Verum
465 1365 622 1400 tamen
636 1359 835 1412 amplius
857 1360 1035 1400 habent
1055 1360 1332 1400 sacerdotes
1355 1359 1528 1400 Christi

210 1443 347 1483 quam
378 1430 650 1470 sacerdotes
681 1429 802 1483 legis
824 1429 1015 1480 veteris,
1049 1429 1157 1482 quia
1182 1429 1290 1482 plus
1319 1435 1392 1470 est
1412 1429 1526 1470 iudi-

210 1513 315 1539 care
348 1500 406 1539 de
439 1500 620 1539 macula
657 1499 848 1552 spiritus
888 1513 1025 1553 quam
1059 1499 1118 1539 de
1148 1500 1328 1539 macula
1360 1513 1527 1553 corpo-

208 1569 303 1622 rali,
344 1570 452 1623 plus
497 1568 642 1609 eciam
687 1574 761 1610 est
805 1569 998 1623 dignum
1045 1574 1093 1610 et
1134 1569 1308 1610 humile
1351 1570 1527 1609 habere

209 1639 413 1692 graciam
477 1644 525 1680 et
573 1639 789 1679 meritum
848 1653 909 1679 ex
967 1639 1272 1680 subieccione
1325 1639 1526 1680 ecclesie

152 1722 348 1761 :mquam
392 1708 702 1761 corporaliter
743 1708 973 1748 infirmum
1019 1722 1125 1749 esse
1157 1709 1448 1750 notificatum
1479 1709 1526 1749 in

207 1779 388 1831 populo
434 1791 541 1818 esse
588 1791 771 1829 sanum;
820 1784 868 1819 et
911 1778 979 1819 sic
1021 1779 1136 1819 licet
1177 1779 1224 1819 in
1257 1780 1413 1819 multis
1448 1793 1526 1819 ex-

208 1847 445 1888 cellenciis
469 1848 793 1888 sacerdocium
814 1848 938 1901 legis
960 1849 1138 1889 veteris
1162 1855 1354 1903 superat
1376 1862 1525 1889 sacer-

208 1917 394 1958 docium
424 1918 547 1971 legis
570 1931 710 1970 nove,
745 1918 802 1958 ad
824 1918 1148 1959 sacerdocium
1175 1924 1331 1959 tamen
1355 1918 1526 1960 Christi

206 2001 301 2028 non
323 1993 487 2041 potest
509 1988 754 2042 attingere,
778 1988 864 2028 sed
884 1989 1170 2041 generaliter
1192 1989 1322 2041 fallit7
1336 1990 1524 2042 quando

151 2062 190 2095 25
206 2071 295 2098 nort
315 2059 518 2110 sequitur
539 2059 788 2098 arbitrium
811 2056 979 2099 interm*
999 2060 1177 2105 iudicis,
1212 2064 1264 2099 ut
1285 2065 1417 2112 patet
1438 2059 1525 2111 XI,

208 2142 249 2181 q.
281 2127 353 2168 III
385 2128 458 2169 Ad
488 2129 568 2168 lzoc
598 2141 707 2169 vera
739 2132 812 2170 est.
847 2128 944 2169 Ista
977 2134 1129 2169 autem
1161 2129 1391 2170 blasfema
1412 2142 1523 2183 gen·
1592 2149 1671 2177 How
1694 2150 1752 2178 bad

205 2197 362 2249 tilitas,
407 2211 498 2251 qua
541 2199 819 2240 sacerdotes
864 2198 1119 2239 debiliores
1164 2204 1392 2252 usurpant
1435 2199 1525 2239 sibi
1558 2185 1791 2247 Ῥῆξῗξῇ-ᾖὲξυζξ

207 2280 340 2320 opus,
376 2269 504 2320 quod
537 2274 610 2309 est
640 2268 747 2309 Deo
784 2268 1041 2321 proprium,
1085 2271 1286 2309 maculat
1328 2275 1525 2310 matrem
1637 2255 1718 2283 GOd'

208 2337 467 2388 ecclesiam,
517 2337 627 2378 ideo
671 2352 870 2379 necesse
915 2339 1041 2379 foret
1087 2352 1171 2379 eos
1217 2352 1526 2393 cognoscere,

151 2412 193 2443 30
209 2407 448 2459 quomodo
494 2407 684 2460 quidam
727 2414 907 2449 tantum
951 2423 976 2449 a
1017 2408 1219 2449 veritate
1264 2409 1523 2462 degenera-

92 2479 170 2513 168¹³
207 2482 373 2516 verant
400 2474 404 2531 Ι
435 2478 563 2530 quod
607 2484 841 2531 negarunt
885 2478 1127 2519 accionem
1166 2478 1367 2531 aliquam
1406 2492 1524 2519 com-

206 2551 374 2599 petere
407 2553 618 2588 creature
657 2547 724 2601 (ut
755 2553 889 2601 patet
919 2548 994 2589 IX
1026 2548 1356 2602 Metaphysice
1392 2547 1523 2588 Com-

277 2702 326 2728 24,
349 2694 398 2722 25.
420 2695 458 2722 B:
479 2698 626 2729 quantum
646 2703 706 2723 non
726 2697 874 2732 sequitur.

277 2789 308 2820 8.
336 2790 426 2822 Petr.
456 2790 643 2822 Lombard.
678 2791 731 2822 ed.
760 2791 872 2833 Lugd.
899 2802 932 2833 p.
957 2789 1031 2831 41¹³.
1128 2790 1181 2824 26.
1217 2791 1301 2833 Cap.
1335 2791 1524 2822 Decretalis

205 2845 262 2878 Ad
296 2847 359 2879 hoc
394 2857 477 2880 vera
514 2850 565 2880 est
601 2859 673 2880 non
712 2855 813 2880 extat.
851 2850 918 2881 Sed
958 2856 1009 2881 est
1048 2850 1161 2881 Causa
1186 2849 1241 2889 XI,
1282 2859 1315 2891 q.
1343 2850 1383 2880 HI
1428 2848 1525 2881 Tunc

205 2914 243 2937 ve
270 2915 292 2936 a
318 2908 376 2939 est.
