2078 3338
268 267 281 293 1
294 266 345 305 74
983 265 1206 298 JOHANle
1234 267 1419 299 WYCLIF
1656 257 1761 308 [CAP.
1785 266 1866 294 vm.

550 369 695 424 igitur
740 383 800 408 ex
841 370 932 409 hoc
970 371 1095 422 quod
1132 370 1302 412 Petrus
1339 371 1541 412 instituit
1580 371 1866 414 Clementem

313 448 381 476 Nor
401 448 477 475 does
552 441 708 481 Rome
730 440 1017 493 pontificem,
1040 454 1134 480 non
1157 441 1367 494 sequitur
1387 455 1711 483 successorem
1734 456 1867 483 suum

309 482 485 545 ξιιιὲἑὲξὲἓῗι
553 510 698 550 fuisse
723 524 949 551 summum
971 510 1244 563 pontificem
1267 510 1388 551 sicut
1409 511 1594 553 Petrus.
1621 512 1719 553 Nec
1743 514 1868 553 valet

261 553 736 632 totchaeriylsiffepmcficticim
793 593 883 633 qua
927 580 1094 620 dicitur
1145 581 1272 634 quod
1314 581 1485 621 Petrus
1530 580 1687 621 Rome
1740 582 1867 632 obiit,

329 630 459 658 papacy'
551 649 660 690 ideo
705 663 953 691 successor
997 664 1109 691 suus
1151 649 1326 690 ibidem
1372 651 1534 691 debuit
1579 664 1685 691 esse
1732 655 1900 705 papa.5

549 719 666 759 Nam
700 719 910 760 Christus
942 733 1067 772 papa
1099 733 1304 760 summus
1344 720 1460 760 obiit
1490 720 1782 771 Jerusolimis
1821 726 1868 761 et

549 794 700 828 tamen
723 789 930 840 Jacobus
953 789 1129 842 Alphei
1153 795 1322 831 tenens
1343 789 1517 831 ibidem
1540 790 1867 844 episcopatum

276 864 519 927 Vlrsgffiefflssffifft
551 872 576 898 a
599 857 783 899 Christo
810 859 965 899 datum
990 864 1037 899 et
1067 859 1133 901 ibi
1168 859 1335 900 obiens
1367 873 1462 899 non
1493 865 1750 913 propterea
1781 860 1868 900 fuit

333 934 456 963 James?
550 941 686 981 papa.
720 927 823 979 Que
853 928 996 981 igitur
1027 928 1120 982 liga
1141 928 1271 968 Petri
1300 929 1357 969 ad
1380 928 1669 970 Clementem
1701 929 1867 983 pocius

551 1011 687 1051 quam
720 997 934 1038 Christus
973 998 1030 1038 ad
1061 999 1303 1051 Jacobum,
1335 1004 1386 1039 ut
1418 998 1674 1053 episcopus
1708 1012 1864 1040 succe·
1884 1011 1924 1034 10

552 1067 667 1107 dens
698 1068 804 1109 loco
838 1081 931 1121 quo
965 1068 1082 1109 obiit
1113 1068 1239 1109 foret
1269 1070 1419 1122 papa?

288 1130 506 1201 figssessrlg'ffiffl
609 1136 740 1187 Item„
774 1150 870 1177 non
902 1137 1116 1178 subiacet
1136 1138 1335 1178 humane
1357 1138 1586 1191 potestati
1608 1138 1694 1178 sed
1717 1138 1866 1178 solum

310 1202 478 1262 wcffi'sssfse
551 1205 707 1246 divine
761 1206 1050 1247 constituere
1102 1220 1380 1261 quemquam
1436 1221 1661 1248 summum
1712 1206 1865 1260 ponti-

281 1270 513 1334 {icffesvgfgttlssglssf
548 1275 697 1328 ficem,
742 1275 885 1329 igitur
922 1289 1014 1316 non
1055 1277 1198 1316 debet
1238 1276 1441 1329 supponi
1476 1277 1524 1316 in
1556 1277 1700 1316 Petro
1740 1282 1867 1317 tanta

548 1344 864 1398 presumpcio,
905 1350 957 1385 ut
995 1345 1138 1399 eligat
1167 1346 1402 1386 hominem
1436 1346 1495 1386 de
1527 1359 1619 1399 quo
1653 1360 1747 1386 non
1777 1346 1866 1385 fuit
1887 1350 1922 1382 15

549 1414 638 1455 sibi
670 1415 728 1455 ad
755 1415 846 1455 hoc
867 1414 991 1455 facta
1011 1415 1246 1456 revelacio
1268 1415 1315 1456 in
1339 1429 1565 1456 summum
1591 1415 1866 1469 pontificem

550 1490 595 1524 et
638 1483 953 1524 immediatum
999 1484 1171 1525 Christi
1214 1484 1436 1525 vicarium
1488 1498 1632 1537 super
1682 1490 1865 1537 terram,

550 1554 820 1607 specialiter
865 1567 968 1594 cum
1013 1568 1158 1607 super
1198 1553 1289 1594 ista
1330 1554 1555 1606 fatuitate,
1598 1568 1694 1594 non
1730 1554 1863 1595 relin-

549 1623 706 1677 quitur
747 1623 885 1664 nobis
931 1623 1158 1676 scriptum
1191 1623 1489 1676 autenticum,
1535 1624 1621 1663 sed
1655 1623 1704 1663 in
1746 1624 1864 1663 elec-

549 1693 684 1732 cione
705 1693 883 1733 Mathie
914 1692 1103 1747 reliquit
1133 1693 1225 1733 hoc
1248 1693 1405 1733 divine
1430 1692 1617 1745 iudicio,
1649 1698 1701 1733 ut
1731 1698 1865 1746 patet
1882 1707 1922 1728 20

547 1764 752 1803 Actuum
783 1763 955 1816 primo3
990 1769 1163 1816 quanto
1197 1764 1304 1816 plus
1335 1762 1381 1803 in
1405 1762 1645 1803 eleccione
1667 1762 1865 1804 maioris.

550 1832 664 1885 Quis
693 1830 697 1888 1
728 1865 736 1883 ,
767 1831 968 1886 inquam,
1023 1833 1238 1872 crederet
1277 1833 1402 1886 quod
1435 1832 1607 1873 Petrus
1641 1831 1864 1872 diffiniret
1905 1840 1984 1877 204⁶

547 1905 737 1942 beatum
762 1902 1050 1943 Clementem
1074 1902 1209 1955 sequi
1235 1902 1468 1943 Christum
1502 1901 1693 1943 similius
1726 1915 1863 1955 quam

273 1978 347 2006 Was
367 1979 445 2006 John
467 1980 517 2007 the
547 1971 910 2025 Evangelistam,
964 1971 1042 2025 qui
1094 1972 1171 2011 diu
1214 1971 1334 2012 vixit
1384 1976 1496 2024 post
1538 1971 1738 2023 Petrum,
1789 1971 1866 2011 vel

304 2013 481 2083 {tissiiegcethtsci
547 2043 737 2081 beatum
767 2041 1119 2094 Evangelistam
1153 2043 1329 2082 debere
1360 2040 1590 2082 Clementi
1621 2047 1671 2081 ut
1703 2040 1921 2081 maiori25

318 2084 479 2111 Clement?
547 2112 624 2152 vel
670 2111 811 2164 capiti
854 2111 1122 2152 necessario
1166 2111 1412 2165 regulandi
1455 2110 1779 2151 obedienciam
1819 2115 1866 2150 et

546 2181 881 2231 reverenciam,
906 2182 1089 2234 qualem
1112 2194 1235 2234 pape
1257 2180 1346 2221 iam
1371 2177 1570 2233 exigunt
1586 2180 1864 2222 asubiectis.

547 2251 623 2290 vel
642 2251 769 2303 quod
786 2249 996 2290 Christus
1019 2255 1097 2290 aut
1119 2249 1234 2290 alius
1259 2250 1502 2303 apostolus
1525 2250 1666 2289 talem
1687 2249 1864 2289 maiori-

548 2324 691 2359 tatem
712 2318 923 2370 instituit,
957 2319 1036 2359 vel
1056 2319 1274 2372 policiam
1297 2319 1342 2358 in
1366 2332 1449 2359 sua
1471 2318 1671 2359 ecclesia
1697 2332 1863 2372 appro-

548 2389 704 2429 bavit?
727 2388 888 2429 Voluit
908 2388 1029 2428 enim
1045 2402 1208 2429 omnes
1224 2389 1466 2441 apostolos
1483 2401 1587 2428 esse
1604 2388 1760 2428 socios
1776 2388 1865 2428 sibi
1881 2394 1923 2426 30

546 2457 748 2498 invicem
792 2458 1072 2498 obedientes
1117 2463 1164 2498 et
1207 2458 1469 2498 servientes
1514 2458 1613 2498 sine
1659 2457 1863 2497 dominio

547 2528 625 2567 vel
655 2527 926 2580 magisterio
957 2527 1148 2568 alicuius
1179 2527 1410 2581 capitanei
1436 2534 1598 2580 preter
1621 2526 1864 2567 Christum.

271 2592 421 2620 Thafflhe
442 2602 522 2628 PODe
607 2597 666 2636 Et
706 2610 764 2636 ex
803 2597 905 2637 istis
942 2597 1198 2637 infirmatur
1237 2597 1383 2637 tercia
1418 2596 1589 2636 ficticia
1619 2597 1748 2650 quod
1779 2609 1864 2649 per

329 2628 355 2655 is
377 2629 452 2655 such

549 2666 672 2706 viam
713 2666 962 2707 eleccionis
1003 2672 1049 2706 et
1086 2666 1400 2707 institucionis
1443 2666 1642 2706 humane
1674 2665 1865 2718 ponitur

621 2848 648 2883 6,
671 2856 696 2883 7,
720 2849 763 2875 A:
785 2851 816 2875 et
833 2851 957 2875 tantum.
1034 2856 1082 2875 22.
1106 2849 1133 2876 A
1153 2848 1183 2875 in
1204 2856 1316 2883 marg:
1339 2848 1418 2876 Nota
1445 2851 1581 2883 tempore
1606 2847 1816 2883 apostolorum
1836 2849 1864 2873 et

552 2895 812 2930 evangelistarum
826 2894 970 2922 Clemens
988 2903 1006 2922 α
1028 2894 1117 2923 Petro
1138 2895 1276 2930 eligitur,
1298 2902 1376 2931 ergo
1395 2893 1640 2922 non‘secundum
1659 2894 1860 2921 sanctitatem.
