2078 3338
274 257 350 296 108
991 263 1215 296 JOHANle
1242 262 1428 295 WYCLIF
1692 247 1798 304 [CAP.
1813 259 1865 287 v1.

302 378 384 427 E'vqrj
406 378 506 418 inuthe
555 373 656 408 tota
700 373 957 422 aggregata
988 373 1205 421 potestas
1249 366 1295 406 in
1333 365 1562 419 apostolis
1593 365 1681 405 suit
1710 365 1866 411 maior,

284 418 523 476 5¹f¹¹ss¹2¹232³13313¹1⁵s
554 451 664 491 ymo
723 451 827 478 cum
884 436 1087 490 apostoli
1138 436 1340 476 mediate
1407 435 1570 475 eadem
1626 438 1868 487 potestate

295 483 512 553 ῒιῗξᾱῖῗὲἒῖὲῗ
555 507 845 548 suffecerunt
877 506 1122 547 instituere
1154 511 1444 546 sacramenta
1471 510 1518 544 et
1544 509 1636 544 tam
1670 502 1868 543 miracu-

346 561 463 589 power.
554 577 657 617 lose
692 590 744 617 ac
777 582 870 616 tam
915 575 1172 615 efficaciter
1214 574 1476 614 ministrare
1521 574 1682 614 eadem
1721 585 1869 612 sacra·

555 652 724 698 menta,
738 646 929 686 videtur
951 645 1080 698 quod
1095 644 1301 697 apostoli
1315 645 1582 684 habuerunt
1597 642 1870 695 ampliorem
1888 648 1902 680 5

558 722 605 756 et
666 714 977 755 efficaciorem
1036 719 1325 767 potestatem
1387 714 1445 753 ad
1507 712 1872 765 dispensandum

558 785 761 825 ecclesie
812 789 1113 824 sacramenta.
1175 783 1277 823 Nec
1321 783 1579 823 ostendunt
1627 782 1674 821 in
1726 781 1872 835 signis

558 854 844 907 efficacibus,
878 854 1006 906 quod
1036 853 1243 893 habeant
1274 853 1351 892 vel
1384 851 1710 892 absconditam
1740 855 1871 904 pote-

558 928 743 975 statem3
788 936 892 963 cum
937 921 1081 975 igitur
1110 927 1281 975 posset
1313 934 1418 961 esse
1453 934 1583 961 error
1613 920 1661 960 in
1690 919 1873 960 institu-

559 993 693 1033 cione
739 998 786 1032 et
831 1005 963 1032 error
1005 991 1052 1031 in
1095 990 1350 1044 potestatis
1396 990 1636 1040 abusione,
1686 989 1932 1030 racionem

559 1062 690 1103 cuius
721 1062 855 1102 Deus
887 1074 981 1101 non
1024 1060 1236 1101 conferat
1274 1061 1359 1100 sed
1401 1060 1579 1100 auferat
1607 1058 1876 1100 huiusmodi

557 1136 859 1185 potestatem,
898 1130 1087 1171 videtur
1126 1130 1312 1185 signum
1353 1129 1649 1170 luciferinum
1687 1128 1876 1182 gloriari

559 1200 659 1241 sine
713 1200 922 1241 efficacia
974 1199 1137 1253 operis
1189 1200 1247 1239 de
1297 1199 1566 1239 huiusmodi
1621 1202 1875 1252 potestate.

560 1270 696 1324 Opus
738 1270 926 1323 inquam
954 1268 1275 1325 {meritorium
1320 1269 1379 1309 de
1426 1269 1528 1308 celo
1576 1268 1780 1309 ecclesie
1811 1267 1875 1307 in·
1920 1271 1998 1314 187d

560 1345 740 1380 stanter
783 1344 982 1380 tractum
1027 1339 1075 1379 in
1118 1338 1396 1392 preteritum
1447 1338 1668 1393 gigneret
1712 1344 1932 1377 conso-15

559 1410 792 1450 lacionem
837 1415 885 1449 et
928 1408 1150 1462 gaudium
1182 1413 1460 1461 potentatus
1494 1413 1541 1448 et
1574 1408 1706 1448 daret
1735 1407 1876 1447 fidem

560 1479 762 1519 subditis
796 1479 922 1532 quod
943 1479 1078 1519 Deus
1111 1478 1201 1518 sibi
1235 1477 1546 1518 communicat
1576 1482 1874 1530 potestatem.

281 1559 307 1587 It
325 1567 383 1586 our
404 1559 533 1593 prelates
560 1548 721 1590 Status
755 1554 909 1589 autem
942 1553 990 1588 et
1020 1552 1236 1601 potestas
1282 1560 1449 1601 magna
1480 1547 1710 1587 viancium
1741 1546 1876 1586 incu-

293 1594 520 1663 grlssssiepfflgsssss
559 1624 697 1658 teret>
714 1618 781 1658 eis
806 1631 868 1658 ex
891 1617 1133 1657 altitudine
1158 1630 1294 1657 casus
1323 1616 1629 1657 formidinem.
1661 1616 1722 1656 Et
1743 1621 1878 1669 patet

304 1663 506 1725 tntfsyestiissiiifi
560 1701 622 1729 ex
653 1688 864 1728 secundo
912 1686 1115 1740 capitulo
1158 1699 1245 1739 per
1275 1687 1418 1726 multa
1459 1685 1611 1726 media
1643 1685 1876 1739 quomodo
1895 1701 1935 1722 20

559 1757 606 1798 in
651 1758 862 1811 qualibet
905 1761 1196 1810 potestatum
1241 1769 1415 1796 novem
1452 1761 1614 1808 patres
1645 1755 1692 1795 in
1724 1755 1877 1808 primi-

559 1828 659 1868 tiva
702 1827 904 1867 ecclesia
949 1831 1277 1866 excesserunt.
1331 1825 1484 1866 Aliter
1536 1825 1657 1865 enim
1707 1824 1880 1879 prelati

560 1897 712 1938 nostri
743 1896 878 1937 nimis
910 1896 1165 1936 illuderent
1198 1895 1518 1935 subtrahendo
1558 1908 1693 1935 usum
1723 1895 1878 1935 huius-

561 1967 690 2007 modi
720 1971 1026 2020 potestatum.

307 2046 373 2074 our
394 2045 504 2080 priests
621 2035 857 2089 Quantum
909 2037 967 2076 ad
999 2034 1416 2076 auctorizacionem
1461 2034 1695 2088 scripture
1747 2047 1878 2074 sacre
1896 2039 1936 2070 25

308 2080 514 2142 ssffiii‘s'ttssuffe
562 2110 696 2158 patet
728 2119 789 2146 ex
820 2106 960 2146 modo
1000 2104 1227 2158 loquendi
1263 2104 1392 2144 beati
1424 2103 1682 2157 Augustini
1713 2103 1783 2143 IV
1804 2103 1880 2143 De

324 2150 495 2183 canomcal,
561 2175 791 2215 Doctrina
809 2175 1072 2216 Christiana
1092 2174 1162 2215 VI
1186 2187 1301 2227 cap„
1326 2174 1455 2226 quod
1477 2174 1670 2226 apostoli
1693 2176 1729 2213 et
1750 2186 1878 2213 evau-

558 2245 716 2297 geliste
745 2246 823 2297 qui
843 2245 1124 2298 scripserunt
1145 2245 1284 2284 libros
1304 2243 1544 2284 canonicos
1565 2245 1697 2283 erant
1718 2255 1870 2283 eorum

563 2317 757 2365 autores,
808 2315 907 2355 licet
956 2315 1081 2355 solus
1117 2313 1242 2355 Deus
1280 2313 1431 2366 fuerit
1480 2315 1615 2353 autor
1656 2325 1877 2353 summus.

562 2384 717 2424 Aliter
749 2384 870 2425 enim
914 2385 1040 2424 nulla
1073 2389 1285 2424 creatura
1315 2383 1513 2423 haberet
1556 2381 1880 2422 auctoritatem
1897 2387 1939 2420 30

564 2454 622 2494 ad
665 2453 839 2507 aliquid
883 2453 1158 2494 faciendum.
1211 2452 1351 2505 Quod
1402 2457 1556 2492 autem
1608 2451 1880 2492 sacerdotes

562 2523 715 2563 nostri
745 2522 970 2576 temporis
1002 2535 1097 2564 non
1127 2523 1309 2562 habent
1339 2526 1512 2562 tantam
1557 2519 1880 2561 auctoritatem

563 2593 641 2634 vel
672 2598 961 2646 potestatem
995 2591 1295 2633 canonizandi
1325 2591 1472 2632 libros
1501 2590 1623 2631 sicut
1645 2595 1754 2630 sunt
1774 2588 1881 2629 libri

565 2662 623 2702 de
655 2661 812 2708 biblia,
856 2662 1044 2702 videtur
1089 2675 1150 2702 ex
1194 2660 1445 2701 universali
1489 2673 1709 2700 sermone
1752 2658 1879 2698 dicto

638 2879 690 2912 27.
717 2869 810 2912 Opp.
836 2876 921 2902 tom.
948 2869 1001 2911 111,
1034 2880 1058 2907 1,
1086 2868 1140 2911 67.
