2078 3338
229 260 309 308 246
954 266 1177 299 JOHANNJs
1203 268 1389 301 WYCLIF
1663 256 1768 313 [CAP.
1787 267 1824 296 X-

515 371 640 425 sapit
656 371 805 412 minus
819 376 1067 424 peccatum
1084 377 1132 412 et
1155 371 1285 413 aliter
1302 370 1305 427 l
1324 372 1825 417 coliturAntichristuS.
1870 382 1952 412 222⁰

291 439 444 501 pssffiassf
515 441 655 481 Unde
699 441 841 481 nichil
890 440 1035 481 maius
1080 441 1339 482 hereticum
1384 456 1520 495 quam
1564 444 1692 496 quod
1733 449 1826 484 tam

246 509 483 578 ssf'ssiessgsfflty
515 510 808 552 necessarius
832 516 905 551 est
924 510 1016 551 iste
1038 511 1154 551 ordo
1180 525 1411 563 cesareus,
1434 517 1485 553 ut
1506 526 1641 553 nemo
1663 517 1828 566 posset

257 582 288 605 to
310 578 470 606 salvation.
515 580 616 621 sine
647 594 772 634 papa
802 579 938 620 istius
971 580 1147 621 ordinis
1181 594 1286 621 esse
1320 582 1491 633 salvus,
1523 582 1674 636 primo
1699 582 1828 635 quod

515 650 671 691 multis
703 650 1029 704 pseudopapis
1057 664 1154 691 non
1177 651 1509 703 existentibus,
1541 658 1593 693 ut
1612 658 1744 706 patet
1768 658 1859 692 ex5

517 719 668 770 dictiS,
713 726 875 761 sancta
919 720 1102 761 duravit
1144 721 1578 774 predestinatorum
1614 722 1828 773 ecclesia,

517 790 725 830 secundo
760 790 868 843 quia
900 790 1126 831 trecentis
1159 790 1291 831 annis
1330 797 1377 832 et
1408 792 1620 846 amplius,
1659 792 1829 845 quibus

517 859 617 899 sine
657 859 910 900 dotacione
950 859 1099 901 crevit
1137 861 1350 911 ecclesia,
1387 862 1692 914 regulabatur
1729 861 1829 902 sine

516 928 596 968 tali
617 928 820 982 primatu
836 943 1029 970 cesareo
1047 930 1281 976 communi
1303 930 1498 971 consilio
1522 932 1829 973 sacerdotum.

240 1019 302 1048 For
323 1017 382 1046 300
402 1026 490 1054 years
516 997 610 1037 Pro
645 1011 738 1051 quo
771 1005 989 1053 tempore
1020 1000 1139 1040 idem
1161 999 1264 1051 fnit
1285 1002 1498 1041 sacerdos
1524 1004 1562 1041 et
1584 1002 1888 1054 episcopus,1o

258 1053 473 1125 ξᾷῗθζῗξδωῖῗὲ
518 1073 569 1107 ut
600 1072 734 1120 patet
767 1081 828 1107 ex
861 1067 1011 1109 dictis.
1049 1068 1220 1109 Tercio
1254 1069 1383 1122 quod
1415 1075 1545 1110 totus
1579 1070 1693 1110 ordo
1726 1069 1830 1110 talis

282 1124 333 1151 ‘he
353 1131 450 1151 same.
517 1136 604 1177 fuit
634 1137 877 1178 institutus
911 1151 936 1178 a
968 1151 1129 1178 cesare
1152 1144 1313 1191 preter
1337 1138 1585 1190 Christum,
1617 1145 1669 1180 ut
1699 1145 1831 1192 patet

519 1219 580 1246 ex
624 1206 761 1247 dictis
793 1206 912 1247 VIII
957 1220 1058 1260 cap.
1109 1206 1171 1247 Et
1221 1207 1363 1248 nichil
1413 1207 1646 1248 infidelius
1694 1221 1830 1261 quam

518 1276 646 1329 quod
677 1289 815 1316 nemo
847 1282 1011 1329 potest
1041 1276 1184 1317 modo
1217 1276 1385 1317 salvari
1407 1277 1506 1317 sine
1531 1291 1615 1317 suo
1640 1278 1831 1318 decreto

518 1351 610 1385 tam
635 1345 1005 1386 extraordinario
1027 1351 1190 1399 preter
1210 1346 1362 1387 fidem.
1395 1345 1529 1387 Sicut
1558 1346 1703 1400 igitur
1725 1360 1831 1387 con·
1852 1350 1888 1381 15

518 1414 647 1455 versi
688 1415 734 1455 in
770 1415 923 1455 Yndia
966 1421 1012 1456 et
1046 1414 1215 1456 Grecia
1254 1421 1302 1456 et
1339 1416 1436 1456 aliis
1468 1416 1600 1467 locis,
1643 1416 1724 1456 ubi
1755 1429 1832 1469 pa-

518 1490 656 1537 patus
689 1490 852 1525 noster
882 1499 978 1525 non
1002 1485 1184 1536 colitur,
1217 1491 1326 1526 sunt
1349 1486 1585 1526 christiani
1610 1486 1832 1536 salvandi,

521 1553 669 1593 eciam
703 1554 783 1606 qui
813 1554 1083 1606 religiosius
1106 1555 1244 1595 nobis
1267 1554 1452 1595 vivunt:
1486 1555 1553 1595 sic
1575 1555 1622 1596 in
1644 1556 1834 1609 Europa

520 1629 612 1666 stat
656 1636 762 1663 esse
804 1623 1049 1677 perfectos
1089 1624 1365 1665 christianos
1404 1625 1661 1665 secundum
1692 1625 1834 1665 fidem

522 1692 705 1743 Christi,
760 1693 850 1733 etsi
914 1707 1009 1734 non
1081 1700 1377 1747 cognoscant
1438 1694 1834 1748 preeminenciam
1853 1709 1893 1730 20

520 1761 760 1815 pontificis
794 1761 1099 1805 Constantini.

262 1840 476 1868 TheChurch
580 1830 694 1872 Feci
745 1837 900 1872 autem
951 1833 1010 1872 ad
1052 1833 1141 1873 hoc
1184 1833 1399 1874 raciones
1444 1833 1728 1887 multiplices
1775 1848 1834 1874 ex

231 1875 333 1902 would
356 1875 391 1902 be
412 1874 507 1901 better

255 1910 390 1979 xgssteffigts
407 1909 482 1971 {1331
522 1900 813 1941 sufficiencia
848 1901 969 1955 legis
1010 1901 1183 1943 Christi
1221 1907 1268 1943 et
1306 1916 1367 1942 ex
1404 1902 1708 1944 vertibilitate
1739 1903 1835 1943 Ro-

303 1979 431 2006 wnhout
521 1970 642 2013 mani
685 1971 943 2024 pontificis;
988 1984 1098 2025 ymo
1142 1977 1274 2025 patet
1318 1985 1379 2011 ex
1424 1972 1559 2012 dictis
1595 1973 1834 2026 quomodo

255 2014 479 2041 endowments.
523 2054 696 2093 corpus
721 2040 895 2081 Christi
917 2041 1134 2082 militaret
1157 2041 1367 2082 securius
1395 2048 1536 2095 atque
1568 2042 1836 2095 perfeccius
1853 2048 1892 2080 25

523 2110 758 2151 subducto
795 2110 881 2150 tali
919 2111 1082 2151 ordine
1115 2124 1325 2158 cesareo;
1372 2126 1477 2152 nam
1509 2112 1714 2152 vivendo
1747 2125 1836 2152 om-

522 2178 632 2219 nino
668 2179 1060 2232 exproprietarie,
1101 2180 1224 2221 sicut
1257 2186 1363 2221 ante
1397 2181 1693 2222 dotacionem
1725 2188 1837 2222 tem-

524 2262 643 2301 pore
667 2263 758 2302 quo
783 2249 933 2290 crevit
956 2250 1169 2300 ecclesia,
1187 2251 1373 2303 quando
1395 2265 1512 2304 pure
1535 2252 1838 2305 regulabatur

523 2331 612 2371 per
654 2318 809 2372 legem
844 2318 1015 2359 Christi
1060 2325 1107 2359 et
1151 2320 1407 2373 regebatur
1444 2334 1532 2373 per
1565 2322 1837 2362 sacerdotes

525 2387 681 2428 socios
739 2388 840 2428 sine
891 2389 1242 2442 preeminencia
1291 2389 1555 2430 humanitus
1610 2390 1837 2441 instituta,
1854 2396 1896 2427 30

523 2457 687 2497 melius
732 2463 780 2498 et
809 2458 1079 2511 perfeccius
1111 2458 1233 2499 vixit
1271 2472 1407 2512 quam
1442 2461 1594 2502 modo.
1632 2460 1732 2500 Nec
1767 2466 1840 2500 est

523 2526 649 2567 racio
684 2527 794 2580 quin
826 2541 914 2581 per
944 2528 1069 2568 idem
1099 2528 1241 2568 hodie
1263 2528 1414 2569 viaret
1443 2529 1509 2569 sic
1538 2528 1542 2584 Ι
1570 2529 1838 2582 perfeccius
1879 2532 1960 2564 222‘l

525 2610 661 2649 quam
706 2610 828 2637 nunc
872 2597 980 2648 viat,
1029 2597 1172 2652 igitur
1218 2611 1321 2638 cum
1364 2599 1452 2638 hoc
1497 2599 1556 2638 sit
1594 2599 1838 2652 possibile,

524 2671 657 2718 patet
690 2666 941 2710 conclusio.
992 2667 1128 2707 Tolle
1159 2666 1304 2720 igitur
1337 2667 1636 2708 dotacionem
1669 2673 1716 2709 et
1747 2674 1838 2709 tra-

527 2735 737 2776 diciones
798 2737 1036 2787 humanas,
1104 2735 1276 2789 quibus
1337 2742 1498 2789 preter
1558 2736 1838 2791 scripturam
1856 2742 1895 2776 35

595 2901 622 2920 2.
645 2892 745 2921 Codd.
766 2893 797 2921 in
818 2901 932 2929 marg.:
952 2894 1026 2922 Sine
1043 2902 1128 2930 papa
1145 2898 1248 2931 potest
1264 2895 1354 2923 homo
1375 2895 1504 2924 salvari.
