2078 3338
245 276 333 304 CAP.
355 268 409 319 κ]
640 276 697 308 DE
725 276 1007 308 POTESTATE
1039 276 1167 308 PAPE.
1770 268 1844 304 261

305 380 442 420 Unde
500 380 687 433 quidam
743 384 918 420 vocant
975 380 1125 419 solum
1181 378 1283 419 illas
1334 377 1562 419 veritates

246 450 498 491 catholicas
528 462 642 503 quas
666 454 858 502 oportet
879 448 1108 489 viatorem
1125 447 1344 488 distincte
1369 448 1562 487 credere

245 519 465 559 articulos
490 518 616 567 fidei,
649 518 912 558 cuiusmodi
940 523 1050 557 sunt
1075 517 1300 557 veritates
1330 530 1562 569 expresse

242 588 290 628 in
323 589 560 641 symbolo,
600 586 674 627 alii
706 594 860 627 autem
901 586 1158 640 quamlibet
1200 585 1449 626 veritatem
1494 599 1562 625 ca-

211 657 459 698 5tholicam
503 656 748 696 articulum
798 655 922 705 fidei,
975 654 1082 708 quia
1111 660 1293 708 partem
1325 655 1564 707 parvulam

243 726 401 767 totalis
444 726 566 767 fidei.
616 726 677 765 Et
718 726 796 765 illa
847 725 1067 765 concedit
1117 724 1448 779 conclusiones
1493 737 1564 765 se-

243 802 457 848 quentes,
509 808 599 848 que
634 794 1025 848 equivocantibus
1058 794 1278 834 videntur
1315 793 1564 834 mirabiles.

302 864 399 906 Sed
431 866 872 918 quomodocumque
905 865 1136 917 loquatur,
1168 863 1296 903 fideli
1328 862 1469 903 nichil
1499 863 1563 902 in-
1616 874 1674 902 We
1696 883 1746 902 arc
1767 880 1820 902 not

245 934 399 974 sanius
449 948 586 987 quam
631 934 824 974 credere
869 933 995 987 quod
1039 933 1186 973 omnis
1231 932 1385 974 fidelis
1419 933 1564 972 debet
1615 911 1815 973 bffissvnedtffit

192 1023 228 1043 10
245 1005 440 1043 credere
499 1004 626 1056 quod
678 1002 826 1043 omnis
892 1002 1146 1056 episcopus
1198 1003 1446 1043 Romanus
1503 1001 1565 1042 sit
1581 989 1694 1050 bies‘ifgg
1713 980 1854 1051 Ξοὲῃοὸἓε.

242 1086 368 1125 papa
414 1074 490 1112 vel
542 1073 671 1125 quod
716 1072 866 1112 omnis
911 1072 1127 1112 subditus
1174 1077 1363 1112 tenetur
1406 1071 1563 1111 facere

244 1142 467 1195 quicquid
523 1141 798 1195 preceperit
853 1147 933 1181 aut
996 1141 1125 1195 quod
1182 1140 1461 1181 auctoritate
1517 1145 1565 1180 et

245 1211 567 1251 declaracione
632 1211 760 1251 illius
816 1216 1004 1251 tenetur
1067 1210 1216 1250 omnis
1288 1209 1564 1250 christianus

245 1280 439 1320 credere
480 1280 757 1334 cuicumque
790 1280 1025 1333 scripture
1072 1293 1211 1333 quam
1241 1279 1347 1332 ipse
1378 1278 1562 1326 limitat;

189 1358 226 1389 15
243 1363 349 1390 nam
380 1350 506 1390 mille
539 1356 649 1391 sunt
678 1350 857 1399 fideles,
903 1350 983 1403 qui
1025 1351 1203 1390 habent
1239 1348 1506 1389 immediate
1541 1362 1565 1388 a

242 1419 351 1459 Deo
373 1419 515 1459 fidem
538 1420 770 1472 scripture
791 1419 1174 1472 independenter
1205 1420 1262 1458 ab
1292 1418 1385 1468 illo,
1420 1417 1564 1458 eciam

242 1490 349 1541 plus
395 1503 532 1542 quam
574 1489 700 1542 ipse;
746 1494 1069 1529 verumtamen
1114 1502 1218 1528 cum
1261 1487 1393 1528 multi
1436 1500 1564 1540 pape

245 1564 354 1599 sunt
386 1558 584 1611 gloriosi
616 1564 730 1611 post
762 1557 1061 1598 dotacionem
1107 1557 1322 1607 ecclesie,
1367 1556 1565 1610 quilibet

245 1627 523 1669 christianus
545 1633 738 1668 tenetur
774 1629 941 1668 saltem
975 1627 1171 1668 confuse
1205 1627 1401 1667 credere
1435 1626 1564 1679 quod

187 1712 229 1734 20
243 1697 378 1738 multi
397 1697 604 1737 Romani
637 1697 853 1750 episcopi
885 1702 995 1737 sunt
1025 1697 1126 1737 veri
1156 1709 1296 1749 pape,
1330 1702 1378 1737 et
1398 1695 1463 1736 illi
1485 1695 1565 1749 qui

244 1780 338 1806 non
380 1767 599 1807 fecerunt
644 1767 951 1807 exaccionem
982 1767 1087 1807 talis
1119 1766 1232 1806 fidei
1261 1765 1563 1815 Antichristi3

245 1837 330 1877 sed
360 1837 452 1876 hoc
487 1849 583 1876 non
617 1841 690 1877 est
721 1836 1008 1890 generaliter
1045 1837 1104 1876 ad
1140 1836 1322 1875 laudem
1357 1834 1565 1875 Romani

243 1905 497 1958 pontificis,
543 1905 652 1959 quia
689 1905 756 1946 sic
788 1911 1011 1946 tenentur
1043 1906 1238 1945 credere
1272 1905 1398 1957 quod
1433 1904 1565 1944 multi

243 1975 449 2015 Romani
474 1975 728 2028 pontifices
750 1988 846 2015 non
868 1980 978 2015 sunt
998 1988 1137 2028 pape,
1170 1975 1280 2028 quia
1300 1973 1432 2015 multi
1455 1979 1564 2013 sunt

125 2050 205 2082 226⁶
245 2044 497 2097 dampnati,
541 2058 635 2085 non
679 2046 889 2085 membra
920 2050 1081 2086 sancte
1110 2046 1115 2097 Ι
1145 2043 1360 2094 ecclesie,
1407 2047 1455 2083 et
1499 2043 1565 2083 sic

246 2115 305 2153 de
338 2114 464 2154 omni
493 2114 694 2155 veritate
733 2119 921 2155 tenetur
960 2114 1109 2155 omnis
1149 2113 1429 2154 christianus
1469 2126 1564 2153 cre·

247 2183 360 2223 dere
393 2183 500 2236 quia
546 2189 632 2233 est,
679 2184 769 2224 etsi
800 2197 895 2224 non
928 2190 1065 2225 sonat
1094 2183 1142 2223 in
1172 2196 1392 2236 pompam
1424 2195 1563 2235 pape,

247 2253 376 2306 quod
419 2253 569 2294 omnis
614 2253 894 2294 christianus
937 2258 1127 2293 tenetur
1168 2252 1324 2306 ipsum
1369 2252 1564 2292 credere

246 2335 352 2363 esse
383 2336 568 2375 papam,
614 2322 736 2363 sicut
772 2336 869 2363 non
907 2328 1044 2364 sonat
1080 2322 1127 2362 in
1158 2335 1380 2375 pompam
1415 2320 1564 2361 cuius—

190 2397 446 2445 3‹›cumque
487 2391 801 2445 predestinati
845 2393 974 2445 quod
1019 2392 1168 2432 omnis
1199 2392 1341 2431 homo
1376 2396 1565 2431 tenetur

246 2462 441 2501 credere
492 2462 648 2514 ipsum
702 2475 808 2503 esse
861 2462 1156 2511 salvandum,
1203 2460 1327 2501 sicut
1378 2473 1564 2500 omnem

244 2530 502 2583 prescitum
523 2536 713 2571 tenetur
737 2532 931 2571 credere
955 2544 1060 2572 esse
1076 2530 1435 2583 dampnandum,
1460 2542 1563 2569 cum

246 2605 436 2653 oportet
471 2601 626 2640 Deum
671 2600 892 2641 distincte
936 2600 1049 2640 illud
1096 2612 1409 2653 cognoscere;
1454 2612 1563 2651 ymo

248 2674 320 2708 est
352 2668 489 2708 michi
522 2669 718 2710 evidens
769 2670 897 2722 quod
929 2675 1022 2709 tarn
1055 2668 1239 2710 subtilis
1270 2667 1457 2721 logicus
1491 2673 1561 2707 at-

190 2744 229 2776 35
247 2751 340 2791 que
372 2739 638 2792 theologus,
671 2739 793 2779 sicut
824 2738 912 2779 fuit
926 2738 1173 2779 Robertus
1205 2736 1563 2791 Lyncolniensis

315 2850 341 2878 3.
364 2850 463 2878 Codd.
491 2851 519 2877 in
548 2859 662 2885 marg.:
690 2851 824 2878 Articuli
837 2850 929 2886 fidei.
1006 2851 1032 2878 5.
1057 2851 1096 2878 ss:
1120 2851 1319 2886 pervulgam.
1392 2858 1420 2885 9.
1444 2849 1561 2877 Codd.:

247 2896 522 2931 loquatur-fidelis.
595 2898 642 2924 28.
664 2898 707 2924 A:
729 2901 758 2924 et
774 2898 820 2925 sic
838 2905 910 2924 non.
