2078 3338
301 262 384 310 380
1022 268 1246 300 JOHANle
1273 268 1456 299 WYCLIF
1704 256 1809 307 [CAP.
1836 263 1899 291 ΧΠ.

313 383 380 423 Tne
394 389 575 411 ornaments
589 376 757 424 lentur,
781 374 838 414 ad
858 386 1021 426 regem
1039 372 1248 426 pertinet
1270 376 1581 425 sequestrare.
1604 370 1658 410 In
1673 370 1904 424 scriptura

327 419 549 481 {iethgfcslriiffii
590 443 821 497 siquidem
852 442 1025 495 legitur
1058 442 1117 481 de
1151 441 1326 494 duplici
1356 441 1437 481 tali
1469 440 1719 494 privilegio
1753 453 1902 480 sacer-

338 493 539 522 ¹mp0m⁰ce'
590 513 711 553 dotis
736 518 783 552 et
806 517 975 553 cetera.
1000 511 1222 551 Ieremias
1247 510 1368 550 enim
1395 523 1456 549 ex
1479 510 1697 549 mandato
1714 508 1905 549 Domini

589 581 818 635 appendit
855 581 913 621 ad
953 581 1122 620 collum
1162 581 1404 619 cathenam
1435 579 1650 632 ligneam,
1690 583 1742 618 ut
1772 582 1904 631 patet

586 650 786 702 Jeremie
796 649 1008 699 XXVII,
1021 655 1067 689 et
1081 654 1193 702 post
1206 649 1455 688 fracturam
1468 647 1589 687 illius
1606 648 1802 688 cathene
1817 660 1905 700 per
1922 658 1936 689 5

586 720 1058 773 pseudoprophetam
1079 717 1309 758 Ananiam
1333 716 1518 770 accepit
1551 717 1792 757 cathenam
1812 716 1903 756 fer-

586 802 726 841 ream,
759 794 810 829 ut
840 794 975 841 patet
996 787 1221 827 XXVIII
1245 787 1464 840 capitulo.
1498 786 1756 828 Sedechias
1789 799 1903 825 vero

586 859 1012 912 pseudopropheta
1048 870 1267 898 cesareus
1298 857 1419 898 libro
1444 856 1516 896 III
1537 857 1730 910 Regum
1751 855 1905 895 XXII

589 933 636 968 et
680 927 726 967 II
767 927 1161 980 Paralipomenon
1205 926 1378 966 XVIII
1419 926 1592 966 fecisse
1640 925 1730 966 sibi
1775 938 1904 965 orna-

588 1003 793 1037 mentum
848 1010 909 1036 ex
952 1001 1088 1049 parte
1134 995 1326 1049 dyaboli
1371 1009 1649 1036 concessum
1684 993 1688 1049 Ι
1724 995 1782 1034 ad
1823 994 1904 1034 fin·
1945 1006 2025 1037 255Β

589 1066 796 1120 gendum
828 1065 1133 1107 mendacium.
1177 1065 1308 1117 Fecit,
1347 1064 1513 1117 inquit,
1551 1065 1637 1104 sihi
1669 1062 1906 1104 Sedechias

587 1137 724 1188 leius
749 1135 941 1179 Canaan
964 1148 1136 1175 cornua
1156 1135 1338 1186 ferrea,
1371 1138 1409 1174 et
1440 1135 1524 1174 ait:
1555 1134 1651 1174 Hec
1681 1134 1788 1173 dicit
1809 1133 1903 1175 Do-

589 1206 744 1246 minus
774 1205 918 1246 Deus:
950 1204 1059 1245 Hiis
1090 1206 1324 1245 ventilabis
1351 1205 1552 1255 Syriam,
1590 1205 1728 1244 donec
1758 1204 1908 1243 deleas

590 1288 706 1317 eant.
738 1275 799 1314 Et
830 1287 996 1314 revera
1030 1274 1150 1314 sicut
1183 1279 1346 1313 contra
1368 1273 1601 1313 Micheam
1624 1277 1755 1313 erant
1777 1272 1908 1312 multi

589 1346 1026 1398 pseudoprophete,
1071 1344 1187 1384 false
1230 1343 1441 1384 ferentes
1489 1343 1620 1397 signa
1663 1341 1962 1392 mendacii,15

592 1415 659 1455 sic
698 1419 862 1455 contra
898 1427 1079 1467 paucos
1112 1414 1386 1454 sacerdotes
1421 1412 1593 1453 Christi
1631 1418 1739 1454 sunt
1775 1411 1908 1452 multi

593 1484 772 1525 cesarei
802 1485 946 1537 longe
978 1483 1140 1524 falsius
1172 1483 1382 1523 ferentes
1407 1487 1680 1522 ornamenta
1702 1495 1906 1532 cesarea,

592 1554 761 1608 quibus
800 1554 858 1593 de
897 1553 1096 1593 victoria
1134 1559 1296 1593 contra
1330 1553 1584 1605 dyabolum
1623 1565 1674 1592 se
1714 1557 1762 1592 et
1795 1564 1906 1592 suos

591 1623 845 1677 decipiunt.
885 1623 1000 1663 Cum
1031 1623 1174 1676 igitur
1208 1627 1455 1663 cessarunt
1491 1621 1537 1661 in
1570 1621 1707 1662 nobis
1739 1621 1908 1674 legalia

590 1693 712 1747 legis
743 1693 933 1742 veteris,
967 1693 1194 1732 debemus
1229 1693 1286 1732 ad
1316 1691 1504 1731 moralia
1536 1691 1761 1730 virtutum
1791 1690 1906 1745 figu-
1924 1711 1965 1732 20

590 1769 692 1803 rata
723 1763 969 1803 attendere
1009 1769 1056 1803 et
1087 1762 1250 1802 videre
1284 1761 1397 1815 quid
1427 1761 1474 1801 in
1508 1760 1692 1801 Christo
1732 1766 1779 1799 et
1812 1759 1907 1801 suis

592 1833 833 1886 discipulis
874 1832 1112 1873 invenitur
1156 1832 1413 1872 secundum
1465 1832 1621 1884 legem
1672 1843 1802 1870 suam
1841 1829 1907 1870 in-

593 1904 750 1945 duere.
809 1902 927 1943 Nam
970 1903 1092 1942 Psal.
1139 1901 1372 1951 CXXXI,
1418 1915 1441 1952 9
1489 1914 1576 1953 per
1626 1901 1907 1953 prophetam

593 1973 779 2012 dicitur:
819 1971 1084 2013 Sacerdotes
1121 1973 1216 2012 eius
1254 1972 1507 2011 induantur
1538 1970 1781 2010 iusticiam.
1831 1970 1906 2009 De

593 2042 879 2083 ornamentis
913 2048 1067 2082 autem
1092 2040 1416 2094 corporalibus
1438 2053 1532 2080 non
1554 2039 1651 2092 legi
1675 2039 1906 2080 Christum
1923 2049 1962 2080 25

596 2113 671 2152 Vel
693 2125 804 2152 suos
829 2112 1072 2165 apostolos
1095 2112 1251 2165 legem
1273 2109 1617 2163 particulariter
1644 2108 1906 2157 tradidisse,

594 2183 678 2222 sed
729 2182 828 2222 sine
874 2180 1169 2222 dissensione
1207 2181 1284 2220 vel
1330 2180 1549 2220 scandalo
1594 2191 1717 2218 nunc
1767 2191 1907 2218 unum

594 2257 916 2292 ornamentum
958 2264 1081 2290 nunc
1126 2249 1250 2290 aliud
1291 2249 1460 2289 leviter
1497 2253 1786 2301 acceptasse,
1831 2248 1906 2287 do-

596 2321 747 2361 cendo
780 2334 866 2361 nos
899 2327 950 2361 ut
981 2320 1203 2360 faciamus
1238 2319 1458 2361 similiter.

654 2393 887 2439 Quantum
912 2390 1057 2444 igitur
1084 2389 1140 2429 ad
1167 2389 1415 2442 privilegia
1431 2393 1809 2428 ornamentorum
1827 2388 1906 2427 de·
1925 2398 1964 2430 30

593 2463 677 2501 bet
692 2460 969 2501 christianus
985 2460 1090 2513 ipsa
1113 2460 1355 2499 attendere
1374 2458 1505 2512 quasi
1527 2463 1693 2498 neutra
1717 2463 1764 2497 et
1780 2456 1906 2496 nullo

594 2532 734 2571 modo
766 2531 1122 2584 preponderare
1154 2530 1230 2569 illa
1254 2529 1348 2570 suis
1373 2529 1583 2582 signatis,
1617 2527 1797 2568 scilicet
1817 2526 1905 2566 vir-

666 2747 715 2776 23.
736 2748 836 2775 Codd.
864 2748 893 2775 in
921 2756 1034 2782 marg.:
1059 2747 1250 2775 Ornamenta
1277 2746 1470 2775 clericorum.
1543 2744 1594 2773 32.
1615 2745 1713 2772 Codd.
1740 2745 1770 2772 in
1792 2752 1905 2779 marg.:

595 2795 799 2829 Dispensacio
818 2794 860 2821 ad
877 2795 1065 2821 clertcatum.

664 2889 696 2923 8.
722 2889 775 2922 ΙΙΙ.
802 2890 886 2931 Reg.
912 2888 1014 2930 XXII,
1047 2899 1096 2922 11.
