2078 3338
227 255 308 301 306
953 261 1177 293 JOHANle
1204 261 1390 293 WYCLIF
1655 249 1761 306 [CAP.
1780 260 1831 288 xi

518 365 701 406 cionem
715 366 793 406 vel
809 365 1263 406 demonstracionem
1277 365 1555 419 gignentem
1571 366 1833 417 scienciam,

514 449 620 476 raro
653 436 730 476 vel
761 449 999 489 nunquam
1022 435 1282 476 faceremus
1304 437 1481 476 bonum
1505 449 1626 489 opus
1661 436 1833 477 extrin-

517 518 691 556 secum,
749 510 800 545 ut
855 504 1023 545 recitat
1081 505 1323 545 decretum
1385 518 1447 545 ex
1509 505 1834 546 declaracione

515 574 776 628 Augustini
812 574 992 615 XXIII
1035 575 1221 628 questio
1254 573 1317 614 V:
1361 574 1430 616 De
1467 576 1731 616 occidendis.
1775 574 1836 615 Et

518 643 585 684 sic
606 657 695 685 nec
717 644 927 685 medicus
953 644 1210 698 corporalis
1233 658 1321 684 nec
1344 645 1555 685 medicus
1579 644 1833 698 spiritualis
1853 647 1868 679 5

517 727 734 767 umquam
767 719 1036 768 apponeret
1066 714 1353 755 medicinam.
1383 713 1388 769 Ι

576 783 631 824 In
662 783 833 824 talibus
865 784 1009 837 igitur
1040 784 1333 824 innitendum
1366 789 1440 825 est
1472 784 1558 825 arti
1589 784 1836 838 scripture,
1877 788 1957 830 237⁰

244 885 316 911 hm
333 883 369 910 of
384 891 480 917 some,
521 858 569 893 et
599 859 711 894 tunc
742 853 974 894 Dominus
1018 853 1191 893 nedum
1221 853 1418 894 habebit
1448 867 1535 894 nos
1569 859 1836 904 excusatos,

240 921 493 989 nffl‘ggebggffd
519 923 605 963 sed
663 924 896 964 subducta
951 923 1128 963 invidia
1187 923 1457 976 premiatos,
1520 923 1666 964 eciam
1726 923 1838 963 licet

239 997 296 1016 our
317 988 485 1024 authority.
518 993 770 1046 dampnum
801 993 958 1034 multis
993 993 1191 1040 eveniat,
1233 993 1354 1034 sicut
1392 1006 1508 1047 sepe
1543 992 1744 1046 contigit
1776 1005 1839 1032 ex
1859 1006 1896 1027 10

516 1062 848 1116 predicacione
878 1062 1061 1104 Christi.
1094 1063 1195 1103 Nec
1228 1063 1443 1117 sequitur
1475 1076 1536 1102 ex
1566 1062 1673 1116 isto,
1708 1063 1838 1116 quod

519 1132 719 1186 quilibet
763 1133 910 1173 debet
953 1132 1157 1186 spoliare
1201 1132 1470 1186 proximum
1523 1137 1837 1185 occupantem

518 1202 766 1256 superflua,
819 1203 927 1256 quia
978 1202 1080 1243 aliis
1132 1208 1183 1243 ut
1233 1201 1563 1244 sacerdotibus
1613 1201 1838 1241 limitatur

517 1286 671 1313 sermo
706 1278 867 1314 sancte
901 1272 1264 1325 exhortacionis,
1310 1273 1408 1313 aliis
1453 1277 1505 1313 ut
1547 1271 1838 1312 secularibus

520 1343 720 1384 dominis
764 1343 987 1385 limitatur
1031 1357 1187 1385 sermo
1232 1356 1401 1384 severe
1451 1341 1744 1392 monicionis,
1791 1343 1895 1382 et15

518 1412 619 1453 aliis
662 1419 713 1454 ut
758 1415 900 1455 stulte
947 1414 1219 1457 dotantibus
1271 1413 1492 1454 limitatur
1542 1414 1590 1452 in
1642 1412 1839 1452 aliorum

520 1482 712 1523 defectu
736 1484 957 1537 operacio
980 1483 1228 1538 prudentis
1252 1482 1527 1534 ablacionis;
1560 1495 1666 1522 nam
1689 1481 1838 1522 omnis

518 1552 660 1593 homo
695 1554 841 1595 debet
871 1555 1014 1594 modo
1048 1567 1133 1595 suo
1166 1554 1400 1607 prodesse
1434 1552 1649 1593 ecclesie.

299 1626 439 1661 Lacking
577 1622 787 1664 Ulterius
837 1625 1096 1664 notandum
1155 1623 1355 1664 finaliter
1407 1624 1536 1677 quod
1588 1622 1839 1662 deficiente

231 1662 380 1729 Ρΐιῖξπῗὲἒεῗὲ
395 1661 506 1731 ἎᾚῙε
522 1705 822 1747 quocumque
865 1707 991 1748 papa
1035 1707 1229 1735 cesareo
1281 1694 1359 1734 vel
1403 1705 1704 1747 quocumque
1749 1691 1839 1732 alio
1857 1701 1898 1722 20

238 1732 622 1803 ad21·15312111321812301nii-nyeius
673 1765 860 1817 prelato
912 1778 1064 1818 usque
1117 1765 1174 1804 ad
1216 1763 1478 1817 simplicem
1542 1762 1841 1803 sacerdotem

520 1832 626 1886 ipse
671 1833 912 1875 sufficeret
962 1834 1226 1875 ministrare
1280 1834 1638 1888 qualiacumque
1692 1845 1839 1872 sacra-

522 1908 679 1943 menta
720 1902 768 1943 in
812 1903 1044 1958 scriptura
1096 1917 1230 1944 sacra
1260 1902 1527 1954 fundabilia,
1572 1902 1650 1943 vel
1694 1900 1840 1942 eciam

523 1974 875 2014 sacramentalia
910 1988 1003 2028 que
1024 1980 1137 2028 post
1165 1974 1465 2015 dotacionem
1488 1972 1691 2014 ecclesie
1713 1971 1841 2012 licite

523 2049 630 2083 sunt
663 2043 855 2086 adiecta.
1857 2041 1897 2073 25

580 2112 818 2154 Probatur
859 2114 1012 2167 primo
1059 2127 1121 2154 ex
1157 2115 1249 2155 hoc
1294 2115 1422 2167 quod
1460 2117 1750 2155 sacramenta
1795 2115 1841 2151 et

522 2182 651 2234 ritus,
697 2197 817 2236 quos
860 2184 993 2224 Deus
1037 2184 1341 2237 singulariter
1385 2196 1564 2224 summo
1609 2180 1843 2223 sacerdoti

522 2252 737 2304 instituit,
781 2253 939 2306 potuit
982 2259 1028 2294 et
1073 2253 1238 2294 debuit
1287 2253 1481 2293 inferior
1523 2252 1744 2293 sacerdos
1794 2249 1840 2290 in

525 2322 715 2363 defectu
749 2324 915 2364 summi
958 2323 1220 2364 sacerdotis
1251 2323 1497 2377 perficere,
1530 2327 1582 2362 ut
1613 2326 1748 2375 patet
1780 2333 1841 2360 ex

525 2392 673 2434 dictis.
712 2391 809 2434 Sed
839 2394 984 2447 longe
1015 2393 1209 2435 minoris
1243 2392 1531 2434 auctoritatis
1564 2398 1673 2434 sunt
1705 2389 1900 2432 tradi-30

526 2462 688 2503 ciones
720 2464 921 2503 humane
952 2469 1067 2517 post
1099 2464 1395 2504 dotacionem
1432 2463 1480 2503 in
1511 2463 1614 2503 istis
1646 2462 1842 2512 adiecte,

524 2532 668 2586 igitur
698 2534 845 2574 multo
878 2534 1029 2588 magis
1050 2534 1179 2588 ipsas
1202 2533 1376 2575 sufficit
1399 2534 1625 2587 supplere
1647 2531 1843 2572 inferior

526 2604 761 2644 sacerdos.

236 779 296 809 We
317 783 400 807 must
419 779 498 814 obey

238 815 399 849 Scripture
420 821 495 841 even

245 849 362 883 though
384 853 415 876 to
435 849 485 875 the

599 2751 720 2787 19—23.
742 2752 841 2780 Codd.
864 2752 893 2780 in
916 2761 1030 2788 marg:
1051 2751 1205 2780 Sacerdos
1224 2752 1354 2788 simplex
1374 2752 1533 2787 destczenle
1554 2760 1641 2787 papa
1657 2752 1777 2780 cesario
1798 2750 1844 2778 vel

526 2800 588 2826 alio
608 2800 751 2834 prelato:
777 2800 885 2827 Solum
907 2800 945 2827 B:
970 2802 1072 2835 polest
1094 2799 1287 2835 squfflt'c·z‘a²71le1⁴
1312 2799 1491 2827 7711'711'Slrare2
1514 2800 1617 2826 omnia
1638 2802 1840 2826 sacramenta.

596 2894 626 2923 4.
657 2884 846 2924 Cap.V111.
