2078 3338
245 272 333 300 CAP.
360 258 445 315 vu]
644 275 703 306 DE
730 273 1012 306 PoTEsTATE
1039 275 1169 306 PAPE.
1772 278 1848 317 159

241 378 360 419 Nam
381 378 463 418 ubi
484 379 653 419 beatus
678 377 938 431 Gregorius
967 393 1027 419 ex
1060 379 1213 420 animo
1244 379 1335 421 iter
1365 381 1563 435 arripuit
1594 391 1829 453 Arsggodrissfsus

241 449 301 490 ad
337 448 572 504 Anglicos
616 449 1000 500 convertendum,
1044 464 1170 504 papa
1212 451 1469 494 modernus
1511 457 1564 493 ut
1589 463 1677 497 given
1697 464 1769 500 why
1787 464 1838 491 the

240 520 396 573 legem
435 518 525 560 sibi
566 518 733 559 limitat
775 519 904 573 quod
940 533 1035 560 non
1072 520 1290 573 predicet
1326 535 1386 561 ne
1428 522 1564 563 cadat
1607 497 1819 569 {2¹52ssssssssss

239 589 287 629 in
328 588 545 641 heresim,
597 594 798 642 propter
840 603 979 643 quam
1025 595 1099 631 est
1144 591 1439 632 solummodo
1487 593 1563 633 de-

208 658 225 692 5
240 659 505 713 ponendus,
529 664 581 700 ut
601 659 790 700 Videtur
813 672 874 699 ex
887 659 977 700 XL
1001 660 1332 701 distinccione:
1357 660 1409 702 Si
1425 675 1565 715 papa.

243 727 341 770 Sed
374 728 650 770 scandalosa
681 734 791 769 sunt
820 729 923 782 ista,
954 729 1106 783 primo
1141 730 1249 783 quia
1276 744 1402 785 papa
1423 731 1567 773 sciret

243 811 414 840 cavere
447 798 537 840 sibi
569 799 629 838 de
659 799 817 840 heresi
861 804 1110 853 antequam
1142 800 1384 854 acciperet
1410 801 1566 844 huius-

239 868 369 909 modi
402 868 695 924 dignitatem,
729 869 940 910 secundo
974 870 1081 924 quia
1111 884 1250 924 papa,
1284 871 1364 924 qui
1396 871 1566 912 dicitur

239 939 415 979 habere
447 943 622 979 tantam
655 939 910 993 potestatis
946 939 1302 994 plenitudinem,
1343 941 1567 983 diffiniret

187 1025 225 1047 10
241 1008 369 1062 quod
391 1021 485 1050 non
506 1008 632 1050 foret
652 1009 833 1050 heresis
856 1009 1081 1063 quicquid
1100 1009 1285 1062 dixerit,
1300 1011 1378 1050 vel
1400 1012 1565 1052 saltem

238 1082 599 1131 protestaretur,
645 1079 772 1132 quod
815 1092 912 1118 non
953 1079 1100 1121 habet
1141 1079 1343 1120 animum
1387 1095 1414 1121 a
1455 1081 1566 1135 lege

238 1147 431 1188 Domini
475 1148 750 1190 declinandi.
811 1148 981 1189 Tercio
1024 1148 1208 1191 heresis
1251 1149 1568 1203 periculosior

240 1222 313 1259 est
347 1217 395 1258 in
426 1217 524 1259 vite
558 1217 804 1269 discordia,
842 1232 954 1272 ymo
986 1232 1074 1272 per
1103 1219 1229 1260 idem
1267 1220 1421 1262 nullus
1453 1234 1565 1274 pre-

238 1287 425 1341 positus
456 1288 736 1341 predicaret,
770 1302 874 1329 cum
907 1302 995 1342 pro
1028 1289 1186 1330 heresi
1216 1295 1264 1330 et
1296 1290 1567 1344 specialiter

185 1357 352 1398 15reali
384 1357 444 1399 sit
476 1357 647 1411 dignus
681 1358 871 1411 deponi,
912 1364 960 1399 et
990 1373 1117 1412 papa
1146 1365 1348 1413 propter
1381 1373 1565 1402 causam

239 1427 543 1481 multiplicem
568 1428 712 1469 cicius
736 1428 989 1482 aufugeret
1010 1429 1126 1470 illud
1148 1430 1422 1483 periculum.
1450 1430 1566 1471 Ideo

239 1511 334 1538 non
379 1503 451 1538 est
492 1497 582 1538 nisi
620 1499 972 1540 antichristiana
1010 1505 1058 1540 et
1095 1500 1388 1542 accusatoria
1427 1514 1566 1541 excu-

240 1567 367 1609 sacio
405 1568 452 1608 in
490 1568 713 1621 peccatis.
765 1569 1078 1610 Accusatoria
1110 1570 1230 1619 dico,
1271 1571 1378 1624 quia
1416 1576 1468 1611 ut
1500 1572 1567 1612 sic

238 1643 458 1691 patenter
478 1638 665 1690 iudicat,
695 1640 824 1692 quod
847 1639 907 1679 sit
928 1639 1108 1680 alienus
1130 1655 1157 1680 a
1179 1640 1354 1681 vicario
1380 1641 1566 1694 Christi,

182 1725 224 1747 20
241 1713 288 1749 et
322 1708 370 1748 in
408 1708 508 1750 aliis
547 1708 718 1749 dicitur
768 1710 1032 1750 comuniter
1070 1711 1199 1763 quod
1235 1724 1438 1764 peccare
1471 1725 1566 1752 non

237 1777 427 1831 poterit.
455 1778 517 1818 Et
539 1779 606 1820 sic
629 1785 815 1820 notaret
838 1779 971 1820 Petri
993 1779 1195 1820 vicarius
1220 1780 1336 1821 illud
1359 1782 1563 1835 septimo
1596 1800 1677 1841 H9W
1699 1800 1833 1828 Christ's

236 1848 525 1902 replicatum,
547 1850 786 1902 quomodo
802 1849 966 1891 Matth.
980 1849 1153 1890 XVIII
1174 1856 1377 1904 propter
1398 1851 1563 1904 prima-
1605 1837 1821 1899 Ἧεῖᾏξὲζὲῗῌ

236 1923 335 1958 tum
366 1917 455 1958 fuit
487 1917 661 1959 dictum
695 1918 995 1972 singulariter
1022 1919 1178 1971 Petro,
1212 1921 1342 1974 quod
1373 1921 1565 1962 fratrem
1650 1907 1766 1934 ‘’thess'

237 2001 371 2028 suum
405 1987 680 2041 corriperet,
712 1988 794 2029 ubi
825 1994 935 2030 sunt
962 1989 1049 2030 tria
1069 1989 1202 2031 Petri
1222 1990 1400 2031 vicario
1426 2005 1563 2031 anno-

180 2065 220 2098 25
236 2058 390 2111 tanda,
422 2058 576 2112 primo
610 2072 714 2099 cum
748 2060 896 2100 debet
927 2059 1118 2100 fratrem
1151 2074 1285 2101 suum
1310 2061 1564 2115 corripere,
1609 2091 1631 2110 Ι,
1653 2083 1698 2110 He
1720 2083 1831 2109 Shomd

117 2133 198 2166 200sl
237 2127 383 2168 debet
419 2128 570 2181 primo
600 2127 604 2183 Ι
633 2129 836 2170 omnium
873 2129 1339 2183 irreprehensibilem
1378 2144 1429 2171 se
1467 2145 1562 2173 ser·
1609 2118 1829 2180 kesseahssfssffflt

234 2210 362 2247 vare,
393 2211 498 2238 nam
533 2198 701 2239 caritas
736 2199 881 2240 debet
915 2199 1130 2253 incipere
1167 2214 1194 2240 a
1225 2213 1277 2241 se
1310 2200 1428 2254 ipsa.
1482 2200 1563 2243 Se·
1615 2188 1815 2250 2‚1{²¹g¹¹ftfffl51

237 2268 392 2308 cundo
432 2268 690 2308 notandum
736 2274 808 2310 est
847 2269 975 2322 quod
1005 2269 1139 2310 Petri
1176 2270 1380 2312 vicarius
1419 2271 1565 2313 debet
1658 2262 1780 2329 ξᾷῗῑξὲῗζῗ

236 2350 342 2378 esse
383 2337 432 2377 in
475 2338 617 2378 modo
663 2338 952 2391 corripiendi
994 2339 1217 2393 prudens,
1262 2339 1476 2382 assiduus
1518 2346 1565 2381 et

178 2416 219 2448 30
233 2407 458 2459 intentus,
492 2408 620 2461 quod
652 2421 748 2447 non
781 2409 1116 2450 excomunicet
1153 2414 1260 2450 ante
1291 2410 1432 2450 finem
1466 2423 1563 2450 cor-

234 2477 474 2531 repcionis
512 2477 658 2518 tercie
695 2477 744 2518 in
776 2491 869 2532 quo
894 2478 1067 2519 viderit
1097 2479 1289 2520 fratrem
1312 2494 1446 2521 suum
1468 2493 1564 2520 non
1614 2502 1642 2530 3,
1663 2503 1710 2530 He
1730 2508 1813 2530 must

238 2560 345 2588 esse
381 2547 546 2601 apcius
587 2547 933 2601 corrigendum.
986 2548 1157 2589 Tercio
1198 2549 1346 2590 debet
1384 2555 1562 2603 notare,
1587 2538 1855 2600 {ffifflbssgsffiffi

237 2616 366 2669 quod
398 2615 459 2658 sit
491 2616 651 2658 socius
685 2622 733 2658 et
763 2617 975 2659 minister
1009 2618 1234 2666 ecclesie;
1274 2618 1408 2659 aliter
1442 2619 1565 2659 enim
1589 2608 1693 2635 ofthe
1719 2607 1855 2636 Chffl'Ch·

309 2777 334 2805 5.
362 2777 416 2805 AB
442 2778 475 2805 in
502 2785 617 2813 marg:
646 2777 734 2813 Papa
761 2786 861 2814 quare
879 2786 941 2806 non
958 2778 1111 2814 predicat.
1187 2787 1232 2807 21.
1253 2779 1307 2807 AB
1326 2779 1358 2807 in
1378 2787 1494 2814 marg:
1520 2780 1565 2808 Vi-

236 2823 341 2852 carius
359 2823 448 2851 Petri
464 2823 551 2852 debet
571 2826 684 2852 notare
702 2824 786 2853 dicta
805 2824 910 2854 Petro.
984 2833 1033 2860 24.
1056 2826 1127 2860 ubi;
1145 2825 1185 2854 B:
1207 2828 1250 2855 ut.

310 2906 339 2941 5.
367 2908 452 2950 Cap.
469 2908 526 2942 VI.
