2078 3338
194 275 284 303 CAP.
310 264 392 321 ΧΗ]
590 277 647 308 DE
676 276 954 308 POTESTATE
984 276 1111 307 ΡΑΡΕ.

194 381 357 432 stituit,
396 394 490 421 non
524 381 804 421 excedendo
837 380 1008 420 limites
1040 380 1087 420 in
1127 379 1430 420 sacramentis
1464 384 1512 420 et

195 451 610 492 sacramentalibus
636 450 938 504 evangelicis,
962 450 1069 503 quia
1090 455 1200 490 tunc
1225 454 1298 490 est
1320 449 1512 490 indubie

195 520 530 563 Antichristus.

253 588 350 631 Sed
382 590 585 631 obicitur
615 604 702 644 per
732 591 824 631 hoc
857 590 995 643 quod,
1030 589 1069 630 si
1091 603 1215 643 papa
1238 590 1384 631 debet
1407 602 1512 630 esse

161 659 515 700 5sanctissimus
558 660 792 701 viatorum
839 665 885 700 et
929 659 1063 700 aliter
1112 673 1207 700 non
1259 664 1332 700 est
1375 672 1511 713 papa,

194 728 407 782 sequitur
430 731 556 783 quod
579 744 716 770 omne
738 735 987 784 peccatum
1014 730 1205 770 mortale
1228 729 1306 769 vel
1327 728 1512 770 veniale

194 799 340 839 debet
372 799 633 853 degradare
665 813 850 853 papam,
890 800 1016 852 quod
1057 804 1129 839 est
1162 803 1324 839 contra
1354 799 1512 853 legem

193 868 502 910 distinccione
534 869 642 910 XL:
689 868 740 910 Sz·
779 882 920 923 papa,
963 869 1010 909 in
1056 882 1147 922 qua
1179 868 1348 909 dicitur
1399 869 1514 919 quod

191 939 339 979 solum
371 940 494 980 dehet
525 939 689 993 deponi
714 952 801 992 pro
833 940 989 980 heresi.
1033 939 1094 979 Et
1125 938 1294 979 iterum
1325 938 1514 978 videtur

140 1008 316 1049 1oidem
369 1010 427 1049 de
478 1009 686 1063 regibus,
747 1008 987 1063 episcopis
1040 1014 1087 1049 et
1138 1008 1512 1062 quibuscumque

191 1078 413 1120 ministris
448 1079 666 1129 ecclesie,
700 1093 811 1132 ymo
846 1092 1052 1120 summus
1085 1078 1308 1120 sacerdos
1335 1077 1381 1118 in
1402 1078 1513 1130 lege

191 1149 345 1189 veteri
378 1163 474 1190 non
495 1149 582 1190 fuit
604 1149 886 1203 regulariter
909 1148 1243 1199 sanctissimus,
1268 1162 1372 1188 cum
1396 1160 1512 1201 sepe

191 1218 280 1258 fuit
308 1219 531 1272 pollutus.

255 1288 340 1328 Hic
386 1289 555 1330 dicitur
587 1290 716 1343 quod
747 1289 893 1329 maior
924 1302 1033 1343 pars
1064 1289 1201 1329 huius
1226 1286 1513 1329 difficultatis

137 1364 174 1397 15
193 1362 285 1399 stat
326 1357 374 1398 in
412 1358 684 1413 signacione
715 1358 902 1400 termini
937 1358 1233 1411 magistralis,
1278 1362 1329 1398 ut
1373 1356 1514 1410 aliqui

190 1427 460 1483 intelligunt
502 1442 686 1483 papam,
730 1433 782 1469 ut
815 1428 927 1469 dicit
964 1427 1336 1469 autonomastice
1371 1440 1514 1480 super

193 1511 516 1551 quoscumque
564 1498 680 1539 alios
724 1498 983 1539 mirabilem
1028 1498 1339 1547 sanctitatem,
1392 1496 1514 1537 sicut

193 1566 407 1608 Christus
441 1581 492 1609 se
523 1568 687 1608 habuit
719 1568 776 1608 ad
809 1581 915 1609 suos
950 1568 1206 1621 apostolos.
1256 1567 1318 1606 Et
1350 1565 1417 1607 sic
1447 1566 1512 1605 in-

191 1637 415 1690 telligunt
457 1637 673 1678 homines
722 1638 780 1678 de
811 1638 1032 1678 Romano
1076 1637 1301 1691 pontifice
1345 1637 1392 1676 in
1423 1635 1511 1675 hiis

134 1722 176 1745 20
192 1720 284 1760 que
314 1708 495 1748 lucrum
534 1713 581 1748 et
611 1709 838 1749 honorem
868 1707 1147 1748 mundanam
1186 1706 1387 1760 sapiunt,
1427 1705 1512 1746 sed

191 1789 286 1816 non
327 1776 374 1817 in
406 1777 503 1818 vita
535 1778 792 1819 secundum
824 1777 978 1818 forum
1018 1776 1316 1817 consciencie
1355 1775 1512 1829 quoad

190 1845 360 1887 Deum.
380 1846 442 1887 Et
461 1847 553 1887 isto
569 1848 705 1887 modo
726 1848 984 1901 loquuntur
1006 1853 1103 1887 tres
1119 1846 1270 1886 sancti
1293 1846 1511 1885 doctores

190 1916 406 1968 predicti.
456 1917 552 1957 Alii
584 1922 737 1957 autem
780 1917 1052 1970 intelligunt
1082 1930 1267 1970 papam,
1312 1920 1363 1955 ut
1401 1914 1513 1954 dicit

193 1985 471 2039 episcopum
515 1986 943 2040 supereminentem
987 1986 1033 2026 in
1068 1986 1218 2039 aliqua
1250 1984 1512 2034 sanctitate,

136 2067 175 2098 25
193 2059 244 2094 ut
276 2055 571 2108 Ambrosius,
616 2055 916 2110 Augustinus
959 2060 1006 2095 et
1039 2055 1185 2095 ceteri
1216 2054 1374 2095 vocati
1406 2058 1514 2095 sunt

192 2138 330 2178 pape.
384 2125 482 2167 Sed
511 2131 765 2180 postquam
800 2125 1057 2166 declinavit
1089 2126 1242 2166 clerus
1275 2125 1332 2164 ad
1365 2123 1512 2164 civili-

192 2198 350 2245 tatem,
382 2194 540 2236 vocati
572 2201 681 2236 sunt
712 2195 994 2249 quicumque
1027 2208 1167 2248 pape,
1201 2193 1281 2248 qui
1308 2193 1368 2233 ad
1391 2192 1513 2233 deci-

194 2263 398 2305 dendum
441 2264 766 2318 principaliter
812 2278 975 2305 causas
1022 2263 1226 2304 ecclesie
1277 2263 1513 2304 seculares

194 2338 303 2374 sunt
345 2334 610 2375 humanitus
653 2335 868 2377 instituti.
921 2335 982 2375 Et
1014 2347 1158 2388 super
1195 2333 1286 2374 ista
1322 2332 1513 2387 equivo-

138 2416 178 2448 30
194 2404 386 2444 cacione
420 2410 612 2445 currunt
642 2405 871 2456 raciones,
905 2418 1009 2445 nam
1032 2404 1244 2445 Christus
1267 2402 1356 2443 fuit
1376 2416 1512 2456 papa,

194 2488 332 2528 quem
384 2475 666 2529 degradaret
718 2476 1050 2529 quodcumque
1088 2480 1351 2528 peccatum,
1403 2473 1512 2513 ideo

194 2546 387 2585 stultum
418 2545 544 2586 foret
576 2545 876 2588 christianum
905 2559 960 2586 ea
980 2545 1251 2586 intencione
1275 2556 1513 2585 assumere

265 2730 292 2758 8.
315 2731 336 2758 Β
356 2731 386 2758 in
409 2739 522 2766 marg:
544 2731 630 2766 Papa
651 2739 677 2757 st
699 2731 786 2757 debet
806 2738 872 2757 esse
896 2730 1104 2756 sanctissimus
1127 2730 1223 2757 solum
1249 2729 1387 2764 sequitur
1409 2728 1512 2755 incon-

193 2778 326 2805 veniens.
404 2777 447 2805 15.
468 2777 684 2814 nzagz'slralt's;
710 2778 755 2804 A:
783 2777 959 2812 ingrat-ilis.
1037 2784 1080 2803 10.
1103 2776 1124 2803 Β
1145 2776 1175 2803 in
1197 2783 1312 2808 marg:
1333 2775 1419 2809 Papa
1438 2774 1516 2810 quid

193 2825 308 2860 signat.

265 2908 297 2940 8.
324 2910 458 2940 Decreti
484 2910 601 2940 Prima
626 2909 724 2948 Pars,
752 2909 829 2940 dist.
857 2908 929 2950 XL,
957 2917 1031 2949 cap.
1049 2908 1105 2938 VI.

1721 269 1799 317 367

1529 598 1709 633 Objectiom
1736 599 1804 626 The

1528 641 1609 668 pope
1620 634 1751 695 bvyoqlctio
1769 634 1804 660 be

1539 676 1734 737 «1εὲἳίδὲξίοη
1756 704 1804 731 for

1576 746 1669 773 every
1690 739 1748 767 sin.

1544 1293 1578 1322 In
1600 1294 1661 1322 iliis
1682 1299 1792 1323 matter

1540 1331 1633 1357 much
1655 1330 1792 1365 depends

1529 1373 1566 1392 on
1588 1365 1640 1392 the
1661 1367 1804 1401 meaning

1589 1400 1624 1427 of
1641 1400 1741 1435 Pope;

1570 1785 1708 1812 whether
1728 1784 1750 1811 it

1589 1824 1739 1847 connotes

1568 1854 1705 1881 holiness
1726 1863 1762 1881 or

1595 1890 1727 1924 worldly

1563 1932 1759 1960 supremacy.
