2078 3338
180 286 255 323 194
897 279 1121 311 JOHANNJs
1147 278 1333 310 WYCLIF
1598 265 1703 322 [cAP.
1722 274 1773 302 1x.

462 387 559 427 dux
598 384 835 425 christiani
867 383 1115 434 exercitus,
1148 382 1328 423 scilicet
1358 382 1559 423 vicarius
1592 382 1776 432 Christi,

461 455 611 509 magis
645 455 903 507 attendere,
937 466 1040 493 cum
1072 452 1153 492 filii
1183 452 1318 492 huius
1351 451 1498 492 seculi
1529 457 1638 492 sunt
1668 465 1774 504 pru-

464 526 632 565 dentes
656 530 703 564 et
726 524 889 576 callidi,
923 528 975 563 ut
997 536 1058 562 ex
1081 521 1235 562 stultis
1259 521 1549 562 commerciis
1575 522 1780 561 habeant

463 594 538 634 hic
572 593 671 634 dies
700 605 960 647 prosperos
984 593 1139 645 quoad
1169 592 1404 643 mundum,
1438 590 1524 631 sed
1544 589 1651 631 mali
1672 595 1781 630 sunt

467 670 514 704 et
543 662 659 703 fatui
699 676 803 702 cum
836 675 898 702 ex
928 661 1008 702 tali
1039 660 1378 714 negociacione
1417 660 1519 700 dies
1557 674 1649 700 una
1679 665 1813 713 per-5

468 732 593 773 ditur
624 733 787 772 valens
818 731 955 772 mille.

757 931 1183 992 CAPITULUM
1226 930 1504 991 NONUM.

188 1086 452 1157 {ffirgefnffittffi
533 1081 647 1122 Cum
692 1085 847 1120 autem
897 1093 1097 1120 necesse
1150 1084 1223 1119 est
1264 1092 1433 1133 papam
1479 1080 1700 1120 continue
1744 1079 1791 1119 in

227 1155 421 1218 mssffijsssssOf
475 1150 677 1192 ecclesia
709 1163 814 1190 esse
846 1148 1084 1200 militante,
1117 1162 1207 1189 nec
1240 1154 1311 1189 est
1338 1162 1461 1202 papa
1482 1149 1613 1189 vians
1636 1148 1792 1189 nobis-

225 1224 418 1261 appointing.
477 1234 579 1261 cum
623 1219 713 1260 nisi
756 1219 926 1260 limites
972 1218 1102 1259 Petri
1146 1219 1422 1271 servaverit,
1474 1218 1851 1259 necessarium10

475 1290 665 1330 videtur
724 1290 782 1329 de
838 1288 1063 1329 limitibus
1115 1288 1217 1329 istis
1271 1294 1318 1329 et
1374 1293 1614 1342 potestate
1670 1302 1795 1342 pape

479 1371 786 1412 cognoscere.
838 1358 1063 1411 Arguunt
1100 1364 1256 1399 autem
1295 1358 1427 1399 multi
1466 1371 1551 1411 per
1581 1357 1796 1398 raciones

478 1428 715 1469 naturales
739 1432 786 1467 et
808 1427 883 1467 alii
904 1427 1187 1468 testimoniis
1210 1427 1398 1480 scriptis
1423 1428 1551 1480 quod
1575 1426 1797 1467 continue

481 1503 674 1551 oportet
706 1496 906 1550 aliquem
940 1510 1046 1537 esse
1069 1509 1254 1550 papam;
1288 1497 1416 1550 quod
1439 1502 1512 1537 est
1536 1497 1798 1537 conceden-

481 1569 602 1617 dum,
645 1580 750 1607 nam
792 1579 991 1607 necesse
1038 1572 1110 1607 est
1151 1566 1395 1619 Christum,
1441 1566 1521 1620 qui
1563 1566 1688 1607 solus
1728 1567 1855 1606 est15

481 1642 623 1690 caput
666 1635 945 1676 universalis
993 1636 1193 1676 ecclesie
1233 1649 1339 1676 esse
1377 1649 1527 1689 usque
1566 1636 1623 1675 ad
1660 1635 1800 1675 finem

481 1706 628 1747 seculi
673 1718 777 1746 cum
822 1705 1022 1746 ecclesia
1071 1704 1311 1757 militante,
1362 1711 1413 1746 ut
1463 1711 1597 1758 patet
1639 1705 1801 1745 Matth.

480 1776 665 1825 ultimo,
712 1781 760 1816 et
800 1780 962 1829 preter
1002 1776 1092 1815 hec
1123 1788 1325 1815 necesse
1359 1780 1433 1815 est
1465 1788 1571 1815 esse
1606 1773 1802 1814 confuse

483 1846 683 1899 aliquem
747 1844 1119 1898 predestinatum
1179 1845 1397 1898 viantem,
1468 1857 1609 1897 quern
1668 1844 1801 1884 Deus

484 1921 682 1969 propter
715 1928 966 1955 excessum
999 1914 1316 1955 edificacionis
1347 1914 1549 1955 ecclesie
1580 1927 1664 1954 sue
1696 1914 1802 1967 plus
1819 1925 1861 1946 20

485 1986 738 2039 approbat;
765 1998 904 2038 quem
928 1990 1120 2038 oportet
1143 1998 1203 2024 ex
1227 1984 1467 2024 eleccione
1481 1982 1674 2023 Domini
1697 1996 1802 2022 esse

486 2068 672 2109 papam;
709 2061 756 2096 et
786 2055 909 2095 illam
943 2054 1228 2095 eleccionem
1262 2067 1357 2094 non
1389 2058 1552 2107 potest
1579 2052 1803 2093 frustrare

485 2127 684 2165 humana
729 2125 921 2165 eleccio.
975 2124 1035 2165 Et
1079 2124 1144 2164 sic
1182 2123 1395 2177 intelligo
1436 2123 1678 2164 decretum
1710 2120 1806 2162 VII

489 2194 740 2248 questione
762 2193 922 2247 prima,
954 2194 1035 2234 ubi
1056 2195 1227 2234 beatus
1253 2192 1514 2246 Gregorius
1535 2192 1601 2232 ita
1622 2190 1804 2232 scribit:

488 2264 542 2304 In
566 2265 728 2316 apibus
753 2265 970 2317 princeps
992 2277 1110 2304 mnis
1131 2267 1205 2314 est,
1234 2272 1375 2315 grues
1396 2275 1537 2303 unam
1561 2264 1807 2313 sequuntur
1823 2264 1862 2296 25

490 2334 648 2374 ordine
677 2334 680 2384 Ι
709 2334 917 2374 limitato.
952 2333 1213 2386 Imperator
1234 2345 1366 2381 unus,
1398 2333 1535 2373 iudex
1556 2343 1675 2371 imus
1690 2343 1805 2383 pro—
1847 2336 1925 2373 209⁰

491 2403 643 2443 vincio.
665 2402 813 2442 Roma
830 2405 982 2443 autem
1004 2403 1185 2442 condita
1207 2403 1320 2442 duos
1324 2401 1506 2453 fratres
1527 2409 1657 2452 reges
1669 2399 1809 2439 simul

490 2473 650 2512 habere
692 2485 780 2512 non
819 2473 978 2524 potuit,
1022 2473 1101 2512 sed
1131 2471 1401 2523 fratricidio
1446 2470 1693 2510 dedicatur.
1754 2467 1808 2508 In

491 2541 678 2582 Rebecca
714 2545 839 2582 utero
871 2541 997 2582 Esau
1031 2544 1069 2581 et
1108 2541 1252 2581 Yacoh
1284 2541 1398 2581 bella
1430 2541 1680 2592 gesserunt.
1735 2536 1810 2577 Sic

565 2730 591 2758 7.
613 2724 642 2750 A
662 2723 692 2750 in
715 2731 829 2758 ma1·g.:
854 2722 1026 2758 Capitulum
1053 2730 1083 2759 9.
1161 2730 1204 2750 12.
1232 2723 1260 2749 A
1285 2722 1314 2749 iu
1343 2730 1457 2757 marg:
1489 2721 1588 2757 Caput
1611 2722 1736 2748 ecclesie
1760 2729 1812 2748 ne-

494 2777 575 2796 cesse
595 2772 639 2796 est
659 2777 725 2796 esse
747 2768 911 2797 Christum.
945 2769 1026 2797 Nola
1057 2768 1211 2804 Gregorii
1232 2776 1292 2804 pro
1320 2776 1404 2803 papa
1414 2767 1536 2802 fiendo,
1564 2775 1622 2802 pro
1643 2767 1812 2802 archiepis-

494 2815 590 2850 copis,
606 2823 666 2850 pro
687 2815 965 2850 archipresbyteris
984 2818 1015 2842 et
1033 2815 1276 2842 archidiaconis.
1352 2814 1399 2842 26.
1421 2813 1455 2841 In
1477 2814 1583 2841 Decr.:
1604 2813 1740 2841 literato.

567 2899 619 2931 25.
648 2899 731 2940 Cap.
760 2899 846 2931 XLI.
