2078 3338
193 260 283 288 CAP.
302 252 369 305 XL]
590 263 649 294 DE
676 261 957 295 POTESTATE
984 264 1114 296 PAPE.

193 367 507 422 generacione
541 367 753 409 adultera
798 367 865 408 sic
908 367 1172 421 phariseice
1205 369 1509 420 seducuntur,

194 438 323 492 quod
364 439 720 492 preponderant
770 438 956 491 signum
1007 438 1194 479 visibile
1243 439 1509 481 humanitus

72 510 154 544 238b
189 507 452 549 institutum
485 508 668 562 signato
701 508 925 549 invisibili
960 509 1090 562 quod
1111 508 1243 549 Deus
1273 507 1277 563 Ι
1305 522 1508 563 prepon-

192 579 336 629 derat,
369 583 420 619 ut
450 578 496 618 in
530 591 641 619 casu
665 583 714 619 et
733 578 859 619 facto
884 577 1103 619 Romane
1127 578 1344 630 ecclesie,
1378 582 1507 633 quod

158 651 343 688 5narrat
376 647 642 689 Cestrensis
689 661 789 702 cap.
823 647 894 688 III
937 648 1044 688 libri
1073 647 1120 688 V
1158 648 1339 689 scilicet
1377 650 1508 702 quod

191 718 392 771 quedam
423 717 594 758 femina
625 717 749 759 sedit
786 717 832 758 in
863 723 1041 771 papatu
1072 718 1257 759 duobus
1295 718 1427 759 annis
1461 724 1509 760 et

190 788 399 842 quinque
444 788 684 830 mensibus
735 793 849 841 post
898 787 1120 830 Leonem.
1180 787 1286 829 Hec
1339 788 1508 829 dicitur

188 858 335 898 fuisse
377 858 535 911 puella
566 858 734 912 Agnes
778 863 949 899 vocata
991 859 1180 899 nacione
1217 858 1505 912 Mognntina,

189 941 218 969 a
248 941 329 969 sno
363 929 542 969 amasio
573 928 759 970 Athenis
790 929 838 969 in
874 929 1028 969 habitu
1064 929 1191 969 virili
1221 930 1429 982 adducta,
1469 932 1508 969 et

135 1010 173 1031 10
186 998 417 1040 Johannes
471 998 690 1051 Anglicns
749 999 1002 1049 nominata,
1064 1011 1145 1051 qne
1205 999 1254 1039 in
1315 1000 1507 1040 diversis

185 1069 391 1109 scienciis
420 1069 486 1110 sic
502 1068 708 1122 profecit,
740 1069 860 1121 qnod
879 1068 1079 1109 Romam
1101 1069 1283 1110 veniens
1312 1077 1507 1122 magnos

186 1139 435 1191 magistros
470 1139 636 1179 habens
673 1139 907 1179 auditores
943 1138 1131 1179 trivinm
1163 1140 1280 1192 legit,
1320 1139 1505 1180 demnm

184 1209 232 1249 in
257 1221 438 1262 papam
470 1209 616 1261 electa,
648 1221 731 1261 per
751 1220 888 1248 snnm
912 1209 1147 1249 amasium
1170 1209 1505 1261 impregnatur,

185 1281 225 1318 et
261 1279 373 1319 dnm
407 1276 757 1319 Lateranensem
797 1277 1031 1318 ecclesiam
1071 1278 1128 1318 ab
1165 1279 1351 1319 ecclesia
1381 1278 1506 1319 Petri

131 1350 167 1383 15
177 1352 401 1402 pergeret,
441 1348 708 1401 angustiata
732 1348 954 1401 pariendi
984 1349 1227 1402 doloribus,
1265 1349 1384 1389 inter
1408 1347 1504 1391 Col-

183 1420 377 1459 lossenm
421 1422 460 1460 et
501 1421 711 1459 sanctnm
759 1417 1030 1461 Clementem
1055 1419 1244 1471 peperit,
1297 1422 1336 1459 et
1380 1422 1503 1472 post-

183 1488 370 1529 modnm
403 1489 467 1529 ihi
484 1488 585 1540 fnit
615 1491 799 1529 mortna
831 1491 870 1528 et
900 1489 1087 1541 sepnlta.
1119 1488 1175 1528 Et
1203 1489 1307 1529 hinc
1337 1489 1505 1529 dicitnr

175 1571 356 1612 papam
386 1559 503 1600 hanc
532 1559 658 1599 viam
680 1558 977 1600 communiter
992 1558 1233 1611 obliqnare,
1269 1560 1389 1600 nnde
1414 1571 1504 1600 non

174 1629 366 1682 ponitur
396 1629 444 1669 in
476 1629 709 1681 cathalogo
735 1641 989 1682 paparnm.

125 1707 167 1731 20
237 1697 292 1738 In
347 1697 438 1738 isto
490 1710 600 1738 casu
651 1698 820 1738 saltem
875 1697 1094 1751 possibili
1154 1697 1316 1738 dicunt
1364 1697 1501 1752 leges

180 1767 418 1808 hominum
460 1767 612 1821 ipsam
655 1781 751 1808 non
793 1767 968 1808 fecisse
1008 1773 1139 1809 actus
1183 1768 1379 1821 papales
1411 1781 1500 1808 nec

181 1836 327 1878 fuisse
361 1838 557 1878 electam
587 1837 820 1892 legittime
852 1842 1055 1891 propter
1080 1837 1500 1891 indisposicionem

182 1907 408 1961 corporis,
453 1906 566 1948 licet
603 1907 745 1948 fuerit
780 1906 870 1948 iam
906 1908 1058 1948 beata.
1112 1905 1210 1948 Sed
1247 1920 1394 1962 grave
1426 1912 1501 1948 est

179 1978 272 2018 hoc
313 1977 510 2018 fundare
553 1978 631 2017 vel
673 1977 852 2032 fugere,
898 1977 1010 2031 quin
1053 1976 1339 2031 generaliter
1377 1977 1500 2018 desit

125 2048 165 2081 25
182 2046 360 2088 eleccio
405 2047 593 2101 quando
640 2047 827 2102 eligitur
876 2046 1094 2088 inhabilis
1134 2047 1287 2100 quoad
1318 2047 1495 2098 Deum3

180 2118 302 2158 unde
355 2116 647 2171 angustiatur
696 2117 938 2158 institucio
981 2118 1181 2158 humana
1225 2116 1496 2158 describere

179 2201 343 2228 verum
373 2200 556 2241 papam.

238 2256 337 2299 Sed
358 2258 569 2298 secundo
594 2257 797 2298 obicitur
817 2270 906 2311 per
926 2258 1031 2309 hoc,
1065 2257 1194 2311 quod
1214 2262 1308 2298 tam
1330 2270 1492 2298 neces-

179 2327 349 2369 sarium
381 2332 456 2368 est
486 2333 826 2368 sacramentum
854 2327 1126 2382 penitencie
1159 2340 1296 2381 quam
1327 2340 1495 2368 neces-

123 2400 165 2432 30
180 2397 349 2438 sarium
393 2402 466 2438 est
511 2404 852 2438 sacramentum
893 2396 1131 2452 baptismi,
1176 2397 1299 2438 sicut
1342 2410 1495 2438 sacra-

177 2472 384 2508 mentum
437 2467 612 2508 ordinis
665 2472 738 2508 est
788 2472 882 2508 tam
934 2467 1126 2521 dignum
1177 2468 1257 2508 vel
1308 2465 1495 2521 dig‘nius

250 2603 277 2631 5.
297 2604 327 2631 A
346 2603 377 2630 in
397 2611 512 2638 marg:
537 2603 599 2631 Hic
617 2604 803 2632 contradicit
818 2604 881 2631 sihi
896 2611 992 2639 supra
1012 2604 1044 2631 in
1064 2611 1131 2639 cap.
1149 2604 1295 2640 presenti,
1318 2603 1373 2631 uhi
1387 2604 1496 2640 signa-

177 2652 249 2678 tura
273 2655 346 2686 229,
373 2650 427 2677 ubi
449 2649 542 2677 aliter
566 2650 704 2685 loquitur
727 2650 767 2678 de
791 2650 853 2678 ista
867 2650 1017 2686 semina;
1043 2650 1083 2679 ib.
1111 2649 1184 2677 Non
1209 2654 1256 2677 est
1280 2657 1349 2685 cap.
1373 2649 1418 2677 III
1441 2650 1495 2678 sed

176 2695 298 2723 XXXII.
372 2695 400 2723 8.
422 2695 522 2724 Codd.
542 2696 574 2724 in
594 2704 709 2732 marga
730 2696 847 2724 Mulier
864 2704 949 2732 papa
968 2696 1084 2733 Agnes.
1158 2695 1207 2724 23.
1227 2696 1360 2732 B:fuz't.

250 2778 279 2812 5.
304 2779 494 2810 Historiam
518 2779 663 2821 Agnetis
697 2780 836 2822 papisse
867 2780 900 2813 in
926 2780 1189 2823 Polychronico
1214 2786 1299 2813 torn.
1326 2780 1383 2824 VI,
1416 2790 1494 2822 pag.

179 2836 357 2870 330—352
385 2837 491 2879 leges.
521 2836 702 2869 Johannes
728 2838 804 2869 Hus
829 2837 939 2880 (Opp.
966 2838 991 2881 I,
1020 2838 1116 2881 220⁸)
1147 2837 1227 2872 hist.
1256 2848 1274 2869 e
1299 2837 1388 2870 libro
1413 2837 1492 2872 Joh.

178 2893 311 2936 Wyclif
331 2894 383 2926 De
407 2895 484 2927 Pot.
511 2895 605 2937 Pape
631 2896 857 2938 deprompsit.

1717 269 1798 308 309

1534 867 1780 930 Storyjocglgpope
