2078 3338
252 648 298 675 He
318 648 449 675 excelled
474 651 503 675 111

334 682 420 716 saith,

268 717 408 752 humility
429 717 489 744 and

310 753 438 788 charily.

306 1072 327 1091 1.
344 1063 444 1092 Faith.

969 255 984 286 J
998 253 1205 286 OHANNJS
1232 252 1419 285 WYCLIF
1662 239 1769 297 [CAP.
1795 250 1847 277 111.

534 358 801 407 ecclesiam;
837 357 969 398 aliter
1001 357 1123 397 enim
1156 357 1394 411 sapiencia
1424 357 1569 410 patris
1598 355 1849 409 inprovide

534 443 639 469 eum
672 427 1000 469 constituisset
1023 428 1226 469 ecclesie
1242 441 1326 467 sue
1349 427 1636 480 episcopum.
1661 426 1722 468 Et
1745 440 1848 467 cum

532 512 695 539 omnes
736 498 936 538 virtutes
979 498 1026 538 in
1072 511 1250 551 genere
1295 497 1387 537 sint
1432 509 1663 546 connexe,
1715 502 1850 549 patet

531 568 662 621 quod
692 567 866 607 Petrus
909 567 1074 608 habuit
1112 567 1343 620 quandam
1374 565 1770 619 preeminenciam
1803 565 1850 605 in

532 637 658 678 omni
680 650 858 690 genere
880 636 1120 677 virtutum.
1154 637 1272 677 Tres
1306 641 1462 676 autem
1495 640 1625 675 erant
1650 635 1849 676 virtutes
1868 644 1883 675 5

530 707 579 747 in
614 706 785 759 quibus
817 706 1142 759 pertinencius
1164 706 1337 746 Petrus
1352 706 1647 758 precelleret,
1670 704 1852 745 scilicet

529 776 664 827 fides,
696 774 945 829 humilitas,
981 775 1171 826 caritas;
1204 775 1336 826 fides,
1370 788 1507 827 quam
1536 780 1729 827 oportet
1744 787 1851 815 esse

529 851 712 899 petram
746 845 964 895 ecclesie,
996 858 1081 898 pre
1111 843 1116 900 Ι
1146 846 1350 885 cellebat
1379 844 1426 884 in
1457 845 1617 894 Petro,
1653 850 1852 897 propter
1898 854 1973 893 ¹74²

531 916 660 969 quod
706 914 943 955 ordinavit
985 914 1211 968 magister
1253 914 1416 955 Matth.
1454 913 1590 962 XVI,
1630 917 1677 954 16
1723 914 1851 967 quod

530 985 588 1025 ad
633 984 947 1038 questionem,
993 997 1086 1037 qua
1118 983 1324 1037 quesivit
1369 984 1428 1023 de
1474 996 1525 1023 se
1556 983 1678 1036 ipso,
1720 996 1909 1035 quemxo

530 1056 684 1095 dicunt
726 1054 928 1094 homines
972 1066 1064 1094 esse
1094 1054 1258 1105 fllium
1300 1054 1510 1103 hominis,
1555 1053 1726 1093 Petrus
1761 1065 1850 1105 pro

531 1125 748 1165 omnibus
763 1124 1096 1177 responderet:
1125 1124 1159 1163 T
1157 1136 1186 1164 u
1210 1136 1267 1172 es,
1297 1123 1462 1176 inquit,
1482 1124 1620 1174 filius
1640 1121 1729 1163 Dea·
1750 1123 1851 1163 vivi.

528 1194 626 1235 Ubi
650 1194 920 1234 orthodoxe
944 1193 1195 1234 confitetur
1225 1192 1560 1233 humanitatem
1581 1192 1629 1232 in
1653 1191 1851 1244 Christo,

532 1264 640 1318 quia
671 1264 827 1317 signat
857 1263 985 1303 illum
1017 1263 1301 1316 prophetam
1331 1262 1616 1316 promissum
1637 1261 1851 1315 patribus

530 1335 608 1375 vel
628 1333 863 1374 Messiam.
892 1332 955 1373 Et
977 1333 1186 1373 secunda
1206 1346 1318 1386 pars
1342 1332 1594 1373 confitetur
1618 1331 1853 1372 Christum
1873 1339 1909 1372 15

530 1404 624 1445 Dei
643 1403 788 1444 filium
809 1403 1081 1453 naturalem,
1112 1402 1220 1455 quia
1242 1402 1374 1443 aliter
1394 1402 1704 1455 impertinens
1727 1402 1853 1442 foret

532 1473 785 1514 confessio‘
839 1472 900 1513 Et
941 1472 1066 1513 inter
1104 1485 1268 1512 omnes
1302 1472 1522 1513 articulos
1553 1471 1665 1512 fidei
1698 1471 1852 1511 nullus

532 1549 606 1584 est
654 1543 712 1583 ad
753 1541 1064 1583 edificandum
1106 1541 1355 1582 ecclesiam
1392 1541 1563 1582 Christi
1606 1540 1850 1594 pertinen-

531 1614 629 1653 cior
682 1625 819 1665 quam
863 1612 1122 1651 secundum
1162 1612 1354 1651 beatum
1397 1611 1499 1662 Joh.
1537 1610 1572 1651 I.
1610 1611 1713 1661 Joh.
1736 1609 1791 1660 V,
1825 1625 1849 1661 4

528 1683 623 1723 Dei
665 1682 788 1723 filius
826 1681 973 1722 vincit
1002 1681 1243 1721 mundum:
1295 1680 1406 1733 Quis
1449 1684 1523 1734 est,
1567 1680 1730 1733 inquit,
1774 1681 1851 1732 qui
1866 1697 1908 1717 20

529 1754 665 1794 vincit
695 1753 935 1802 mundum,
967 1752 1059 1792 uisi
1090 1752 1168 1804 qui
1198 1752 1339 1792 credit
1372 1752 1588 1804 quomam
1610 1750 1768 1792 Ilzesus
1789 1754 1850 1792 est

541 1824 664 1867 filius
695 1822 791 1864 Dei.
842 1821 962 1862 Nam
1003 1822 1095 1861 hoc
1129 1821 1434 1861 fundamento
1473 1821 1634 1861 habito
1681 1833 1847 1860 conse-

529 1898 730 1946 quenter
775 1892 1073 1942 credendum,
1119 1891 1248 1944 quod
1292 1890 1456 1944 omnia,
1501 1904 1594 1944 que
1625 1890 1741 1931 fecit
1771 1890 1849 1930 vel

529 1961 702 2014 docuit,
770 1967 881 2002 sunt
932 1961 1033 2001 sine
1087 1960 1349 2014 calumpnia
1400 1960 1619 2014 possibili
1675 1973 1699 2000 a
1748 1965 1849 2001 tota

529 2031 729 2071 ecclesia
745 2031 1046 2084 acceptanda.
1069 2030 1185 2070 Ideo
1202 2029 1379 2070 audivit
1393 2030 1564 2070 Petrus
1581 2043 1605 2069 a
1618 2028 1846 2069 Domino:
1864 2033 1904 2067 25

526 2101 694 2141 Beatus
738 2114 783 2141 es
828 2100 996 2152 Syneon
1034 2100 1266 2153 Baryoua,
1307 2101 1413 2153 qnia
1447 2112 1554 2140 caro
1589 2103 1627 2140 et
1656 2100 1849 2151 sanguis

526 2184 616 2211 non
648 2172 865 2211 revelavit
895 2172 986 2221 tihi,
1019 2172 1099 2211 sed
1123 2173 1261 2223 pater
1293 2182 1435 2222 meus,
1470 2170 1547 2222 qm'
1579 2170 1707 2210 estin
1731 2170 1846 2210 celis.

525 2240 587 2280 Et
619 2253 681 2280 ex
712 2239 802 2280 ista
832 2238 924 2279 fide
958 2239 1146 2293 accepit
1178 2252 1304 2279 arras
1336 2238 1608 2292 prefecture
1632 2238 1846 2280 ecclesie.

524 2309 580 2349 Et
612 2318 689 2362 ego
724 2310 821 2349 dico
855 2309 946 2358 tibi,
978 2309 1142 2362 inquit,
1176 2310 1283 2362 quiec
1306 2312 1353 2349 tn
1376 2321 1421 2349 es
1443 2308 1618 2358 Petrus,
1651 2311 1689 2348 et
1709 2320 1848 2361 super

523 2380 640 2419 hanc
669 2382 857 2432 petram
895 2379 1112 2430 edificabo
1153 2379 1387 2419 ecclesiam
1426 2391 1591 2419 meam.
1641 2378 1717 2418 De
1751 2390 1844 2430 quo
1863 2382 1905 2414 30

524 2448 728 2502 August.
781 2461 926 2501 super
976 2448 1237 2499 Johannem
1289 2460 1509 2488 sermone
1560 2446 1723 2487 ultimo
1776 2446 1845 2486 sic

523 2517 753 2570 loquitur:
798 2517 1000 2558 Ecclesia
1031 2518 1234 2571 quatitur
1265 2519 1345 2558 sed
1375 2530 1464 2558 non
1497 2517 1630 2567 cadit,
1662 2517 1844 2570 quaudo

524 2586 763 2639 fundatur
781 2600 921 2640 super
936 2590 1135 2640 petram,
1158 2589 1277 2628 unde
1291 2587 1454 2628 Petrus
1475 2599 1638 2627 nomen
1662 2586 1842 2638 accepit,

595 2754 637 2781 ¹9-
661 2744 779 2781 Codd.;
800 2745 822 2772 I.
843 2744 913 2774 Joh.
934 2745 983 2774 IV.
1006 2745 1123 2774 Codd.:
1145 2746 1218 2782 quia
1241 2754 1342 2781 quam.
1443 2754 1492 2773 20.
1515 2746 1536 2773 Β
1557 2746 1587 2773 in
1609 2745 1843 2781 marg.:Excel-

522 2792 623 2820 leucia
643 2792 730 2820 Petri
753 2792 784 2820 in
805 2792 902 2820 trihus
921 2792 1093 2821 virtutibus.

594 2874 646 2907 26.
676 2874 795 2906 Matth.
824 2876 913 2918 XVI,
939 2886 989 2917 17.
1086 2876 1139 2908 32.
1167 2876 1257 2918 Opp.
1286 2882 1370 2909 tom.
1398 2876 1453 2917 IV,
1486 2885 1581 2917 1207.
