2078 3338
260 256 313 303 46

286 448 460 476 Behaviour
479 447 514 475 of

264 484 349 511 Peter
368 483 427 510 aud
448 482 526 510 John

350 523 379 545 at
397 518 447 544 the

307 553 487 588 sepulchre.

303 1143 382 1170 John
403 1150 490 1169 more

316 1178 433 1204 fervent
452 1178 483 1204 in

270 1213 518 1247 contemplative,

330 1247 416 1274 Peter
435 1247 466 1274 in

272 1282 419 1317 practical
439 1282 517 1309 love.

982 264 1163 295 JOHANN
1174 264 1209 295 {s
1235 263 1433 295 WYCLIF.
1674 248 1780 305 [CAP.
1808 261 1858 288 111.

549 368 617 408 rei
639 374 816 420 gestae.
849 368 909 408 Et
931 368 1142 421 quamvis
1164 368 1416 421 Johannes,
1449 368 1583 421 virgo
1608 373 1656 407 et
1677 368 1861 419 sterilis,

550 450 845 491 synagogam
875 437 1189 490 singnificans,
1205 438 1498 490 precucurrit
1520 438 1653 478 citius
1680 437 1684 490 1
1711 437 1860 489 Petro,
1905 445 1983 483 172a

549 512 703 546 tamen
725 507 898 547 Petrus
922 520 982 546 ex
1005 506 1192 547 fervore
1215 507 1384 547 amoris
1416 507 1463 546 in
1496 506 1672 547 effectu
1701 506 1860 559 posito

548 578 751 617 introivit
796 582 843 617 et
887 578 944 616 ab
978 576 1282 630 experiencia
1314 590 1417 617 cum
1451 576 1766 630 inspiracione
1798 576 1863 616 in-

548 652 682 686 terna
735 647 931 687 edoctus
982 646 1387 686 resurreccionem
1440 646 1651 699 credidit,
1704 652 1752 686 et
1797 646 1897 686 5105

549 716 812 767 Johannem
856 716 935 769 qui
977 716 1064 756 fuit
1107 722 1220 769 post
1264 729 1370 756 eum
1412 715 1668 769 precipuus
1702 716 1864 756 confir·

549 785 706 827 mavit.
744 785 883 826 Unde
915 786 1127 839 sequitur
1157 785 1204 825 in
1236 791 1391 826 textu:
1431 786 1464 825 T
1461 798 1558 839 uuc,
1595 785 1758 838 inquit,
1790 786 1862 825 iu-

550 856 702 895 troivit
745 860 784 895 et
827 857 902 896 ille
945 857 1212 908 discipulus,
1255 857 1332 907 qui
1374 859 1557 896 venerat
1590 857 1774 907 primus
1805 857 1867 895 ad

549 929 909 976 mouumentum,
954 929 993 965 et
1023 926 1137 965 vidit
1168 929 1206 965 et
1243 926 1455 974 credidit,·
1496 926 1700 966 uorcduuz
1744 926 1864 965 euim

549 994 746 1034 sciebant
775 996 1072 1047 scripturam,
1106 995 1214 1047 quia
1250 995 1448 1047 oportuit
1476 1007 1579 1034 eurri
1614 1007 1643 1034 a
1670 996 1866 1034 mortuis
1885 1008 1923 1028 10

549 1072 802 1115 resurgere.
856 1063 1081 1116 Quamvis
1135 1063 1257 1103 enim
1297 1063 1537 1114 Johannes
1582 1063 1737 1116 quoad
1789 1063 1864 1102 de-

550 1132 801 1173 vocionem
835 1133 1002 1173 amoris
1036 1133 1401 1186 contemplantis
1428 1133 1700 1173 fervencius
1721 1133 1864 1173 Petro

552 1202 784 1243 Christum
838 1203 1068 1256 dilexerit,
1119 1208 1276 1243 tamen
1318 1203 1491 1243 Petrus
1544 1208 1766 1256 quantum
1810 1203 1867 1242 ad

550 1286 757 1312 amorem
779 1273 1041 1326 practicum
1063 1274 1168 1326 plus
1183 1273 1352 1313 ceteris
1375 1272 1605 1326 apostolis
1629 1272 1866 1326 diligebat.

549 1342 603 1382 In
628 1342 758 1383 cuius
791 1343 976 1396 signum
998 1343 1256 1394 Johannes,
1288 1348 1521 1395 tamquam
1544 1342 1866 1395 speculativus
1887 1345 1922 1377 15

550 1412 608 1452 ad
620 1411 981 1465 percipiendum
997 1413 1194 1452 archana
1213 1412 1309 1452 Dei
1329 1412 1478 1465 magis
1502 1411 1775 1465 dispositus,
1808 1412 1866 1451 de

548 1482 658 1523 Jesu
689 1486 835 1523 stante
866 1484 913 1523 iu
946 1484 1093 1523 littore
1125 1483 1183 1522 ad
1215 1482 1494 1535 signandum
1521 1495 1704 1522 cursum
1736 1495 1865 1521 mun-

551 1552 669 1592 dane
685 1551 910 1592 viacionis
926 1552 1016 1592 sibi
1029 1557 1326 1602 transactum,
1349 1551 1481 1604 prius
1495 1551 1714 1604 percepit
1730 1564 1865 1604 quam

549 1621 735 1672 Petrus,
768 1622 876 1675 quia
906 1623 1122 1662 domiuus
1155 1627 1239 1672 est,
1271 1626 1323 1661 ut
1354 1620 1524 1661 dicitur
1555 1621 1657 1672 Joh.
1687 1619 1864 1672 ultimo,

548 1696 871 1731 verumtamen
913 1691 1097 1741 Petrus,
1150 1690 1307 1731 audito
1354 1690 1460 1743 quia
1512 1690 1727 1730 dominus
1780 1695 1865 1739 est,
1883 1703 1924 1724 20

548 1759 673 1801 misit
715 1773 766 1800 se
797 1760 1067 1801 fervencius
1111 1760 1159 1800 in
1200 1773 1339 1801 mare,
1370 1759 1432 1799 Et
1462 1765 1661 1812 propter
1692 1759 1866 1813 magni-

548 1829 760 1869 tudinem
801 1829 936 1869 istius
983 1829 1150 1870 amoris
1195 1828 1390 1882 practici
1434 1834 1482 1869 et
1519 1828 1867 1881 experienciam

548 1898 813 1952 fragilitatis
863 1900 1077 1952 humane,
1137 1913 1242 1940 cum
1291 1898 1498 1952 ipsemet
1552 1904 1626 1939 ter
1675 1896 1868 1951 negavit

551 1967 785 2009 Christum
828 1969 970 2010 Math.
1008 1968 1194 2020 XXVI,
1239 1968 1326 2009 fuit
1367 1968 1548 2008 racioni
1592 1980 1865 2012 consonum,

550 2043 601 2078 ut
649 2038 754 2091 ipse
805 2039 1116 2092 preficeretur
1168 2044 1309 2091 caput
1361 2037 1576 2089 ecclesie,
1628 2037 1923 2088 Johannes25

551 2114 705 2148 autem
749 2108 887 2161 virgo
942 2114 989 2149 et
1041 2107 1438 2161 contemplativus
1490 2120 1515 2146 a
1565 2107 1739 2147 mundo
1786 2107 1866 2146 ab-

550 2183 753 2218 stractus
784 2178 947 2218 habuit
979 2177 1240 2218 custodiam
1271 2177 1430 2218 matris
1470 2183 1516 2217 et
1546 2176 1743 2230 virginis
1776 2189 1867 2229 que

549 2247 637 2288 fuit
666 2247 816 2288 iocale
849 2247 1014 2301 sponsi
1045 2246 1455 2300 preciosissimum.
1507 2246 1567 2286 Et
1606 2246 1672 2286 sic
1702 2245 1868 2285 habuit

552 2317 737 2370 signum
781 2317 1133 2370 preeminencie
1179 2317 1348 2357 amoris
1390 2316 1438 2356 in
1480 2317 1584 2367 hoc,
1636 2315 1764 2368 quod
1809 2314 1867 2354 de

551 2391 645 2426 tam
688 2400 843 2440 prope
890 2386 1077 2440 quietus
1121 2387 1274 2427 factus
1320 2391 1394 2426 est
1439 2385 1627 2426 celestis
1662 2383 1869 2436 coniugii
1884 2390 1926 2422 30

552 2457 914 2510 paranymphus,
961 2463 1008 2497 et
1050 2462 1214 2510 preter
1243 2457 1332 2496 hec
1363 2455 1526 2496 habuit
1564 2468 1668 2495 cum
1701 2452 1868 2494 ceteris

554 2527 783 2579 apostolis
827 2527 1100 2580 generalem
1145 2525 1405 2567 custodiam
1447 2524 1606 2565 matris
1653 2523 1867 2575 ecclesie,

554 2596 640 2636 sed
667 2594 671 2651 Ι
701 2596 897 2649 quadam
919 2595 1224 2649 prerogativa
1236 2595 1421 2636 Petrus.
1445 2594 1507 2635 Et
1529 2594 1596 2634 sic
1612 2593 1870 2634 secundum
1911 2594 1989 2639 172¹³

553 2678 691 2705 unam
728 2665 966 2706 racionem
997 2666 1178 2706 amandi
1210 2665 1400 2705 videtur
1430 2663 1709 2704 catholicum
1740 2663 1868 2716 quod

553 2735 794 2786 Johannes
827 2736 935 2789 plus
969 2735 1113 2776 Petro
1150 2735 1317 2775 dilexit
1352 2735 1531 2774 celeste
1585 2732 1923 2786 coniugium,35

631 2896 679 2928 17.
704 2885 780 2917 Joh.
806 2885 892 2925 XXI,
918 2896 950 2926 4.
