2078 3338
255 257 343 285 CAP.
365 258 405 286 xl
421 249 432 300 ]
651 262 710 293 DE
736 261 1018 294 POTEsTATE
1043 261 1174 294 PAPE.

251 371 406 406 narrat
449 365 686 418 quomodo
721 366 777 406 ad
809 379 1076 419 supremum
1119 365 1342 416 ordinem,
1389 366 1570 408 scilicet

255 435 585 488 episcopalem,
648 441 834 489 spectat
897 436 1199 477 sacerdotum
1251 437 1568 488 consecracio,

253 504 398 544 divini
420 504 616 559 ungenti
637 505 878 559 perfeccio
898 511 944 545 et
965 505 1084 546 sacri
1106 506 1262 546 altaris
1276 507 1570 550 benediccio,

251 574 390 614 Unde
425 580 699 615 censeretur
728 575 866 616 hodie
897 575 1089 616 insanus
1123 575 1203 629 qui
1235 576 1414 617 diceret
1441 579 1569 630 quod

219 644 449 698 §quilibet
480 646 703 685 sacerdos
734 646 878 686 habet
908 651 1199 699 potestatem
1232 646 1421 687 ordines
1455 661 1566 688 con-

249 713 446 765 ferendi,
484 715 749 769 baptizatos
790 715 1107 767 confirmandi,
1148 716 1374 758 ecclesias
1412 722 1460 756 et
1499 730 1566 757 or-

248 790 464 826 namenta
486 786 794 826 sacerdotalia
814 786 1133 827 benedicendi
1168 792 1215 827 et
1249 786 1316 827 sic
1347 787 1404 827 de
1425 788 1568 827 bene-

251 854 543 895 diccionibus
583 856 868 897 ornamentis
909 861 957 897 et
995 855 1096 896 aliis
1133 855 1315 906 ritibus,
1355 869 1448 910 que
1480 870 1568 910 per

249 924 492 978 sapientes
526 930 574 965 et
606 930 796 966 sanctos
827 925 1042 980 antiquos
1066 925 1328 979 episcopali
1352 925 1566 980 dignitati

196 1015 234 1036 10
250 999 358 1035 sunt
388 994 593 1048 propria.

307 1063 542 1117 Quantum
587 1065 645 1105 ad
686 1065 826 1116 istud,
871 1071 1004 1119 patet
1048 1078 1110 1106 ex
1142 1065 1280 1107 dictis
1325 1066 1564 1119 quomodo

246 1133 373 1175 licite
417 1140 622 1187 possunt
673 1135 771 1175 fieri
823 1140 872 1176 et
920 1135 1048 1176 licite
1100 1135 1397 1189 pretermitti.
1449 1135 1564 1176 Ideo

246 1203 500 1257 requiritur
529 1218 699 1258 magna
729 1205 989 1259 prudencia
1020 1206 1078 1245 ad
1112 1205 1455 1258 acceptandum
1476 1204 1567 1245 ista

245 1272 294 1313 in
325 1286 411 1314 suo
445 1274 623 1316 ordine.
659 1274 856 1328 Quidam
892 1275 1013 1315 enim
1045 1280 1215 1329 putant
1247 1275 1347 1316 sine
1367 1275 1566 1316 istorum

192 1353 231 1386 15
248 1349 644 1385 sacramentorum
678 1349 726 1385 et
758 1345 1057 1386 sacerdotum
1097 1345 1261 1385 ordine
1294 1358 1390 1385 non
1419 1358 1566 1399 posse

245 1418 378 1454 recte
420 1413 549 1454 viare
594 1414 854 1464 ecclesiam,
907 1415 1033 1455 unde
1076 1420 1257 1455 tantum
1299 1415 1567 1468 ponderant

244 1484 327 1524 has
362 1483 652 1535 cerimonias,
692 1485 821 1538 quod
860 1484 1179 1525 offendentem
1223 1485 1330 1539 plus
1363 1484 1567 1538 puniunt

247 1567 384 1608 quam
408 1554 488 1608 qui
500 1553 752 1595 infideliter
771 1554 818 1595 in
837 1554 1029 1595 caritate
1053 1554 1252 1596 deficiat.
1276 1554 1566 1596 Conceditur

244 1623 386 1678 igitur
419 1637 523 1664 cum
553 1625 695 1665 beato
728 1624 963 1678 Dyonisio
1005 1625 1133 1678 quod
1166 1630 1275 1666 sunt
1317 1625 1436 1665 tales
1467 1629 1565 1665 tres

189 1710 230 1732 20
247 1693 437 1734 ordines
470 1695 781 1744 sacerdotum,
821 1707 925 1734 cum
955 1693 1088 1734 iuxta
1119 1694 1362 1734 decretum
1396 1692 1564 1748 Cryso-

245 1763 385 1805 stomi
414 1764 621 1817 positum
654 1763 965 1805 distinccione
987 1763 1078 1804 XL
1108 1764 1245 1805 Multi
1274 1767 1379 1805 sunt
1408 1776 1563 1805 sacer-

245 1837 368 1876 dotes
399 1838 437 1876 et
463 1835 605 1887 pauci
635 1837 740 1875 sunt
771 1835 1036 1877 sacerdotes,
1089 1832 1186 1874 Sed
1221 1847 1317 1874 non
1356 1838 1563 1887 oportet,

247 1905 375 1958 quod
407 1905 630 1946 sacerdos
664 1917 725 1944 ex
757 1904 915 1957 gracia
935 1903 1029 1943 Dei
1059 1903 1210 1944 factus
1244 1903 1462 1957 superior
1494 1917 1562 1944 ac-

247 1974 389 2028 cipiat
413 1974 585 2015 exinde
605 1987 782 2015 novum
806 1973 1177 2015 ecclesiasticum
1206 1978 1563 2024 sacramentum,

187 2048 229 2081 25
247 2045 355 2085 dum
388 2058 480 2098 ego
515 2044 704 2085 omnino
739 2043 1007 2085 omitterem
1027 2044 1203 2084 habere
1241 2043 1563 2097 episcopalem

246 2114 672 2166 consecracionem,
707 2119 956 2167 antequam
987 2113 1207 2167 accipere
1237 2126 1563 2167 presumerem

244 2185 335 2226 hoc
389 2185 662 2239 episcopale
705 2183 1029 2232 ministerium3
1084 2189 1158 2224 est
1210 2183 1331 2224 enim
1381 2188 1562 2237 preter-

243 2255 559 2296 necessarium
598 2259 646 2295 et
676 2253 1023 2308 predicacione,
1063 2252 1283 2294 oracione
1320 2266 1375 2294 ac
1406 2252 1563 2294 multis

246 2324 345 2365 aliis
391 2324 594 2364 cultibus
624 2323 718 2364 Dei
758 2322 968 2373 inferius,
1010 2335 1100 2362 nec
1143 2335 1238 2362 non
1283 2322 1341 2362 ad
1390 2322 1562 2363 multos

125 2396 206 2431 ‘230¹'
247 2395 399 2435 cultus
429 2394 524 2435 Dei
560 2407 655 2434 non
692 2398 786 2434 tam
815 2391 819 2447 Ι
847 2405 1048 2433 necesse
1093 2392 1216 2433 sicut
1253 2392 1461 2433 creditur
1490 2404 1558 2431 re-

247 2463 478 2517 quisitum.
512 2462 800 2504 Conceditur
823 2475 955 2516 ergo,
984 2462 1115 2515 quod
1135 2460 1431 2512 benediccio,
1456 2474 1560 2501 con-

246 2533 453 2574 secracio
488 2539 535 2574 et
568 2533 655 2573 alia
684 2531 969 2573 ministracio
1004 2530 1290 2585 episcopalis
1314 2535 1387 2571 est
1407 2530 1561 2571 lauda-

244 2604 351 2645 bilis
393 2604 483 2645 rite
526 2604 661 2645 facta.
723 2602 820 2644 Sed
863 2615 1011 2656 grave
1056 2607 1129 2643 est
1185 2601 1316 2655 quod
1360 2600 1563 2641 ecclesia

318 2764 358 2792 18.
380 2763 497 2792 Codd.:
526 2765 582 2799 qui
599 2764 691 2791 deest.
785 2761 829 2791 31.
869 2763 898 2790 A
936 2762 968 2789 in
995 2769 1109 2797 marg:
1138 2761 1307 2796 Dionysius
1332 2760 1473 2789 concedit
1497 2763 1562 2788 tres

247 2812 373 2840 ordines
393 2812 519 2838 ecclesie
544 2812 708 2838 secundum
729 2809 838 2847 officia
859 2809 1029 2837 distinctos.

317 2904 371 2927 21.
398 2896 481 2938 Cap.
506 2895 577 2928 XII.

1775 266 1854 304 277

1622 1075 1690 1102 Too
1713 1075 1804 1102 much

1608 1114 1703 1137 stress
1724 1110 1749 1137 is
1770 1110 1829 1137 laid

1607 1153 1646 1171 on
1668 1145 1831 1172 difference

1633 1180 1664 1207 in
1684 1180 1804 1207 orderS.
