2078 3338
230 251 440 293 XLVIII
919 254 1286 289 1NTR0DUCT10N.

232 369 322 409 and
351 369 483 408 there
515 367 619 408 Hus
650 367 733 408 has
764 368 1028 410 blundered
1057 368 1105 409 in
1138 368 1349 423 copying
1380 368 1499 409 from
1535 368 1607 408 his
1647 367 1856 420 original.
1911 366 1965 406 In

229 452 257 478 a
287 438 467 491 speech
498 437 714 478 ascribed
744 442 794 478 to
825 436 920 477 him
950 438 1011 478 he
1044 438 1352 479 admonished
1373 438 1452 478 the
1477 438 1696 479 students
1719 442 1768 477 to
1791 448 1964 490 peruse

229 507 455 561 Wyclif's
498 507 656 548 works
702 506 962 561 diligently.
1021 507 1157 562 They
1205 522 1314 562 may
1362 508 1536 548 indeed
1583 506 1772 548 contain
1822 518 1964 558 many

229 577 388 630 things
418 578 519 618 that
549 578 665 631 they
694 576 789 617 will
819 578 883 617 be
913 578 1085 618 unable
1117 583 1166 618 to
1200 578 1498 631 understand,
1544 583 1630 617 not
1660 576 1807 630 being
1839 574 1964 615 suffi-

231 647 408 702 ciently
438 652 636 694 mature;
669 649 754 689 but
784 646 921 687 these
952 648 1067 701 they
1099 661 1205 701 may
1239 653 1313 687 set
1345 646 1473 687 aside
1506 652 1556 687 to
1587 647 1702 687 read
1723 652 1769 686 at
1793 659 1816 685 a
1836 644 1967 698 riper

230 720 356 771 age.l
408 717 510 757 The
555 729 681 757 same
725 717 902 770 speech
946 716 1160 757 contains
1205 717 1304 757 also
1350 730 1375 757 a
1405 730 1610 771 passage
1641 716 1794 757 which
1825 716 1966 755 bears

229 786 487 840 testimony
517 792 568 827 to
600 787 681 827 the
714 786 1067 827 dissemination
1099 786 1154 827 of
1170 786 1403 840 Wyclif’s
1436 787 1676 828 doctrines
1708 786 1809 825 that
1839 797 1966 824 were

228 857 343 896 then
373 856 539 909 taking
567 861 676 896 root
706 856 753 895 in
785 856 1020 907 Bohemia,
1066 857 1157 897 and
1201 857 1255 897 of
1292 857 1446 897 which
1477 857 1500 897 I
1533 856 1702 897 should
1733 860 1819 895 not
1847 853 1967 893 wish

228 938 309 978 my
339 926 531 966 readers
563 930 612 965 to
644 927 706 965 be
739 925 1005 979 deprived.2
1057 926 1153 967 For
1196 928 1275 967 the
1310 932 1490 967 esteem
1519 926 1567 966 in
1598 925 1751 966 which
1782 922 1969 977 Wyclif

227 1007 324 1034 was
355 995 467 1034 held
496 994 544 1034 in
565 994 804 1047 Bohemia,
838 1008 887 1036 as
919 997 999 1036 the
1034 996 1191 1036 “Fifth
1215 995 1540 1049 Evangelist”,
1572 1008 1644 1035 we
1676 1007 1784 1047 may
1818 997 1965 1046 quote

228 1062 461 1117 Magister
480 1064 717 1115 Johannes
739 1064 993 1116 Przibram,
1015 1066 1178 1106 whose
1210 1065 1469 1119 testimony
1500 1065 1536 1105 is
1560 1065 1614 1105 of
1631 1070 1767 1118 great
1787 1064 1968 1104 value.3

367 1133 412 1175 It
442 1148 536 1174 was
568 1135 650 1175 the
684 1135 874 1189 destiny
907 1135 962 1175 of
986 1135 1079 1176 this
1110 1136 1255 1186 work,
1288 1135 1357 1176 De
1387 1136 1610 1176 Potestate
1641 1134 1779 1188 Pape,
1812 1140 1862 1174 to
1896 1146 1965 1173 es-

230 1216 346 1257 cape
377 1205 459 1244 the
491 1205 641 1257 grand
670 1205 971 1245 Auto-da—Fe
1004 1219 1066 1246 on
1097 1206 1180 1246 the
1219 1206 1412 1259 1StJuly,
1452 1218 1570 1256 1410.
1623 1204 1692 1245 Of
1717 1205 1798 1244 the
1829 1208 1966 1258 great

227 1272 463 1314 influence
505 1273 541 1314 it
583 1274 674 1314 had
716 1274 764 1315 in
806 1275 887 1315 the
932 1276 1272 1329 development
1303 1274 1358 1315 of
1383 1275 1465 1315 the
1496 1274 1695 1315 Hussite
1728 1273 1967 1314 doctrines

229 1357 301 1384 we
332 1345 454 1384 have
487 1346 672 1398 spoken
705 1345 909 1399 already,
944 1351 987 1385 at
1017 1347 1138 1386 least
1166 1345 1213 1386 in
1246 1347 1441 1400 general
1473 1345 1661 1386 outline.

577 1508 622 1551 3.
653 1508 755 1551 The
787 1508 1167 1552 Transmission
1201 1508 1251 1551 in
1284 1507 1615 1563 manuscript.

366 1614 440 1655 No
485 1615 778 1669 manuscript
822 1615 876 1656 of
914 1615 1140 1670 Wyclif's
1191 1614 1262 1656 De
1294 1616 1513 1657 Potestate
1545 1617 1664 1669 Pape
1713 1615 1796 1655 has
1839 1615 1964 1654 been

230 1685 493 1737 preserved
523 1685 572 1725 in
602 1685 832 1738 England.
883 1684 1012 1727 Such
1043 1683 1181 1728 MSS.
1212 1699 1262 1726 as
1295 1699 1374 1726 are
1405 1691 1457 1726 to
1489 1687 1551 1726 be
1584 1685 1728 1726 found
1761 1684 1888 1724 exist
1917 1684 1964 1723 in

226 1753 489 1794 Bohemian
531 1754 758 1795 libraries.
813 1754 1041 1808 Shirley's
1086 1754 1344 1809 Catalogue
1386 1754 1618 1795 indicates
1661 1754 1769 1795 four
1812 1752 1964 1804 MSS,

367 1896 380 1918 1
407 1894 510 1934 Quod
536 1895 565 1925 si
582 1894 807 1926 Aristotelem
833 1904 1009 1937 paganum
1029 1919 1036 1925 .
1055 1918 1063 1926 .
1082 1921 1090 1928 .
1110 1918 1118 1925 .
1136 1895 1297 1939 legimus,
1325 1905 1387 1927 cur
1412 1905 1483 1926 non
1510 1894 1669 1937 legamus
1687 1894 1795 1926 libros
1814 1893 1961 1933 Wicleff,

226 1962 306 1984 cum
337 1952 372 1983 in
404 1953 453 1984 eis
478 1950 612 1984 infinite
635 1952 798 1984 veritates
824 1959 942 1984 sancte
968 1952 1010 1983 ab
1037 1952 1162 1984 eodem
1190 1953 1447 1995 elegantissime
1473 1960 1553 1984 sunt
1586 1953 1748 1995 reposite.
1793 1952 1963 1991 Quamvis

225 2010 367 2042 turbant
393 2018 426 2042 et
451 2011 595 2042 clericos
620 2017 795 2043 tumentes
821 2016 855 2042 et
878 2012 1008 2052 laycos,
1035 2021 1107 2043 non
1134 2012 1271 2051 mirum,
1299 2022 1378 2043 curn
1404 2013 1527 2043 eadem
1548 2012 1683 2043 claritas
1708 2011 1796 2042 lucis
1815 2010 1963 2042 delectat

226 2069 340 2099 visum
367 2068 514 2110 legentis
533 2094 540 2101 .
559 2093 566 2100 .
586 2094 592 2101 .
614 2095 621 2101 .
642 2069 729 2108 Quis
755 2069 859 2110 igitur
874 2078 940 2100 vos
958 2079 979 2100 o
997 2070 1143 2101 iuvenes
1167 2069 1367 2111 prohibebit
1392 2070 1560 2101 mineram
1579 2070 1734 2101 veritatis
1758 2069 1792 2100 in
1811 2067 1966 2111 Wycleff

227 2126 322 2157 libris
342 2125 572 2168 cognoscere?
599 2127 703 2168 Ergo,
729 2128 903 2167 quantum
927 2127 976 2158 ad
1001 2137 1054 2159 me
1077 2128 1212 2165 attinet,
1230 2137 1454 2169 summopere
1470 2137 1531 2160 vos
1548 2136 1678 2168 moneo,
1705 2133 1743 2159 ut
1761 2126 1871 2158 libros
1890 2126 1964 2157 eius

227 2184 410 2225 presertim
436 2184 471 2215 in
497 2183 628 2216 artibus
653 2184 776 2226 legatis
802 2184 1003 2226 frequenter
1039 2191 1144 2227 atque
1181 2186 1350 2217 studeatis
1389 2185 1581 2227 diligenter.
1611 2185 1716 2224 Quod
1740 2186 1768 2216 si
1800 2186 1835 2216 in
1866 2185 1964 2216 libris

227 2242 301 2273 eius
333 2251 373 2273 ea
405 2242 618 2282 inveneritis,
651 2252 721 2284 que
752 2243 797 2274 ob
830 2241 1069 2275 infirmitatem
1101 2244 1204 2274 vestri
1239 2244 1347 2275 teneri
1381 2244 1510 2286 ingenii
1544 2243 1722 2284 percipere
1754 2249 1792 2274 ut
1824 2244 1964 2275 deceret

227 2310 297 2331 non
328 2300 462 2340 valetis,
495 2311 558 2342 pro
591 2300 733 2332 forciori
765 2307 853 2332 etate
884 2302 1123 2343 reponite...
1150 2302 1280 2334 Fontes
1311 2312 1428 2333 rerum
1461 2302 1734 2341 Austriacarum‚
1766 2302 1963 2343 Scriptores

226 2357 283 2398 VI,
315 2365 387 2397 123.
483 2359 497 2381 2
522 2357 622 2390 Unde
649 2357 733 2389 mihi
767 2365 903 2390 constat
928 2359 1025 2401 quod
1058 2369 1137 2391 curn
1164 2359 1308 2401 quidam
1334 2359 1586 2402 Apocalypsim
1619 2361 1660 2391 ad
1692 2359 1864 2402 populum
1890 2369 1963 2391 non

225 2421 297 2446 tam
335 2416 527 2457 predicaret
566 2426 672 2458 quam
710 2417 855 2458 garriret
886 2417 974 2448 inter
1011 2417 1076 2449 alia
1107 2418 1256 2459 loquens
1289 2417 1331 2448 de
1364 2418 1474 2448 cauda
1507 2418 1678 2461 draconis,
1717 2427 1787 2459 que
1818 2417 1960 2449 terciam

227 2478 361 2514 partem
387 2473 566 2505 stellarum
593 2473 635 2505 de
661 2474 759 2506 coelo
785 2475 987 2515 detraxerat,
1015 2474 1221 2506 affirmative
1248 2475 1400 2515 dixisset,
1434 2476 1532 2517 quod
1570 2476 1634 2507 iste
1665 2476 1770 2507 draco
1796 2475 1964 2515 magister

225 2530 403 2562 Johannes
428 2531 583 2574 W'ycleff
604 2532 722 2573 extitit,
753 2533 818 2574 qui
835 2534 923 2575 plus
947 2542 1055 2575 quam
1081 2534 1226 2565 terciam
1246 2535 1389 2575 partem
1414 2534 1607 2566 militantis
1631 2534 1767 2566 ecclesie
1792 2533 1831 2566 in
1855 2542 1962 2565 suum

226 2599 384 2621 errorem
409 2590 594 2631 pervertit.
633 2590 718 2623 Ibid.
750 2601 784 2632 p.
815 2599 886 2630 124.
982 2593 996 2614 3
1022 2590 1223 2622 Temerarie
1254 2590 1361 2622 hodie
1393 2591 1553 2623 moderni
1585 2591 1726 2633 plurimi
1758 2592 1807 2623 sic
1838 2591 1962 2622 volunt

227 2648 413 2679 sentenciis
439 2647 605 2679 omnibus
623 2648 797 2691 Wycleph
824 2650 1001 2681 immorari
1029 2655 1063 2681 et
1086 2650 1192 2691 quasi
1216 2649 1339 2691 quinto
1363 2650 1596 2692 evangelistae
1620 2650 1740 2685 inniti,
1767 2655 1805 2681 ut
1829 2649 1962 2680 nemini

227 2705 328 2737 liceat
365 2712 485 2737 contra
522 2707 649 2738 sentire
686 2717 802 2749 neque
840 2707 965 2739 melius
992 2717 1098 2749 quam
1131 2708 1205 2749 ipse
1238 2707 1401 2748 cuiquam
1433 2717 1556 2749 sapere
1574 2733 1720 2741 ......
1740 2708 1819 2739 Vidi
1856 2708 1961 2745 enim,

229 2764 312 2804 quia
336 2763 401 2804 ipsi
427 2763 569 2795 heretici
598 2764 640 2795 de
666 2764 840 2807 VVycleph
865 2765 973 2796 veluti
1007 2775 1025 2796 a
1057 2765 1152 2796 fonte
1184 2765 1377 2797 sentencias
1404 2766 1586 2807 capiebant
1610 2772 1644 2797 et
1674 2765 1864 2797 tractatulis
1889 2766 1961 2796 suis

228 2820 401 2862 pestiferis
433 2831 472 2852 ea
503 2822 755 2854 interserebant
787 2830 819 2854 et
850 2824 947 2865 quod
981 2824 1094 2865 ipsum
1127 2823 1291 2866 Wikleph
1326 2825 1456 2855 cunctis
1489 2824 1692 2856 doctoribus
1724 2825 1852 2856 sanctis
1884 2834 1960 2865 pre-

228 2878 384 2911 ferebant
409 2886 443 2911 et
467 2880 498 2911 ei
523 2890 628 2923 supra
652 2881 889 2923 Augustinum
915 2888 948 2914 et
973 2882 1199 2914 Ambrosium
1226 2882 1305 2924 plus
1331 2882 1527 2915 credebant.
1554 2882 1639 2915 Ibid.
1665 2892 1698 2925 p.
1729 2892 1804 2923 ¹40·
