2078 3338
643 264 699 295 DF,
726 263 1006 295 POTESTATE
1034 264 1163 295 PAPE.

240 369 363 409 illam
396 368 708 409 universalem
742 374 1029 421 potestatem
1064 374 1110 407 et
1140 368 1390 408 obiciendo
1416 368 1559 421 tripli-

243 439 359 479 citer
393 452 454 479 ex
488 438 677 479 domino
711 439 1006 478 Ardmacano
1042 437 1272 491 dissolvit,
1319 438 1560 478 declarans

242 509 370 562 quod
402 508 575 548 Paulus
620 521 714 548 non
756 508 920 548 habuit
958 521 982 547 a
1014 508 1159 548 Petro
1200 507 1285 548 sed
1318 520 1342 547 a
1375 506 1559 547 Christo

240 578 484 618 licenciam
526 577 816 631 predicandi,
875 582 922 617 et
968 577 1207 617 concludit
1254 577 1396 630 quod,
1441 576 1562 616 sicut

210 657 223 689 5
242 647 450 700 apostoli
474 652 606 688 erant
628 647 742 687 socii
765 653 812 687 et
835 647 980 697 amici,
1014 646 1081 687 sic
1106 647 1251 688 debet
1280 659 1385 687 esse
1407 645 1560 692 hodie,

243 730 346 757 cum
380 717 554 758 ditacio
587 731 681 757 non
716 716 1003 758 dissolveret
1042 715 1307 765 amiciciam,
1344 729 1399 756 eo
1435 716 1561 768 quod

243 786 453 827 Christus
487 800 582 828 non
614 787 852 827 inveniret
884 786 1057 827 amicos
1088 785 1212 826 inter
1243 791 1434 826 nostros
1468 785 1562 838 epi-

242 869 417 910 scopos
463 857 792 897 conversando
840 862 888 896 et
935 857 1142 897 declarat
1181 855 1227 895 in
1266 855 1418 895 tribus
1452 868 1560 894 con-

243 926 533 967 clusionibus
564 926 770 980 pastoris
804 925 1022 967 officium.

189 1018 225 1038 πο
301 996 568 1050 Capitulum
600 1001 790 1037 sextum
824 995 1067 1036 connectit
1100 1009 1203 1036 cum
1233 993 1562 1036 declaracione

242 1066 488 1119 septimam
527 1066 813 1107 sentenciam
854 1071 902 1105 et
934 1071 1160 1115 octavam,
1201 1078 1395 1118 quarum
1432 1064 1564 1118 prior

242 1135 354 1176 dicit
386 1135 471 1176 sic:
512 1135 652 1189 Quod
691 1135 814 1176 sicut
851 1136 1004 1176 nullus
1038 1136 1362 1189 apostolorum
1400 1133 1562 1174 habuit

241 1211 413 1246 tantam
446 1210 734 1259 potestatem
774 1210 993 1258 quantam
1030 1204 1193 1245 habuit
1239 1204 1451 1245 Christus
1483 1204 1561 1243 hu-

239 1275 454 1328 manitus,
492 1276 559 1316 sic
597 1289 684 1316 nec
725 1275 876 1315 omnis
913 1288 1039 1329 papa
1076 1274 1241 1317 habuit
1271 1279 1447 1315 tantam
1478 1286 1561 1327 po-

188 1355 223 1388 15
241 1351 461 1387 testatem
494 1351 710 1400 quantam
743 1345 906 1385 habuit
950 1347 1120 1386 beatus
1142 1345 1313 1386 Petrus
1336 1345 1415 1385 vel
1444 1343 1562 1384 alius

243 1415 415 1456 Christi
448 1417 702 1469 apostolus,
743 1421 789 1455 et
823 1416 1104 1456 declarando
1138 1420 1390 1468 utrumque
1426 1427 1563 1453 mem-

239 1488 374 1527 brum
412 1486 655 1537 tripliciter
693 1485 839 1526 obicit
878 1491 926 1526 et
965 1485 1195 1528 dissolvit.
1249 1484 1430 1526 Octava
1462 1497 1564 1524 sen-

240 1556 393 1597 tencia
426 1556 539 1597 dicit
571 1557 697 1609 quod
719 1555 940 1596 Romano
973 1555 1200 1610 pontifice
1233 1556 1311 1596 vel
1343 1567 1564 1608 quocum-

242 1639 332 1680 que
385 1626 471 1666 alio
520 1626 732 1679 fingente
785 1639 836 1666 se
882 1639 1049 1678 gerere
1098 1626 1348 1679 primatum
1392 1622 1566 1664 vicarie

186 1713 226 1735 20
241 1696 495 1750 potestatis
529 1695 702 1737 Christi
738 1695 785 1735 in
823 1695 961 1737 terris
994 1698 1051 1737 ab
1087 1695 1187 1735 eius
1228 1693 1394 1735 semita
1426 1692 1565 1734 decli·

241 1772 383 1806 nante
407 1766 665 1806 secundum
689 1778 879 1806 sensum
903 1765 1138 1819 scripture
1169 1765 1325 1805 nullus
1348 1762 1534 1817 plenius
1560 1762 1564 1817 Ι

122 1841 203 1876 2⁴33d
242 1836 320 1875 vel
351 1834 666 1888 periculosius
690 1835 814 1889 gerit
845 1848 1017 1876 nomen
1051 1839 1099 1875 et
1122 1847 1244 1888 opus
1266 1832 1566 1884 Antichristi3

242 1905 370 1959 quod
384 1905 558 1958 probat
582 1917 643 1944 ex
668 1904 1026 1945 condicionibus
1053 1903 1286 1955 undecim,
1312 1909 1565 1944 annectens

241 1974 484 2015 materiam
499 1974 558 2013 de
575 1974 804 2027 quiditate
829 1980 876 2014 et
900 1974 1132 2015 divisione
1149 1979 1309 2026 status,
1328 1973 1565 2027 quomodo

184 2044 542 2098 25componitur
587 2058 648 2084 ex
689 2058 785 2085 non
830 2044 1016 2097 quantis
1063 2050 1123 2094 et,
1169 2044 1411 2084 declarans
1456 2055 1565 2097 quo-

240 2115 383 2155 modo
407 2119 557 2156 status
580 2120 745 2168 potest
781 2114 979 2165 alterari⁷
1012 2114 1165 2168 tangit
1194 2113 1435 2168 quomodo
1460 2113 1564 2153 sub-

243 2184 366 2224 ditus
399 2189 563 2237 potest
594 2185 826 2237 prelatum
860 2184 1103 2238 corripere
1137 2190 1185 2225 et
1217 2183 1449 2224 dissolvit.

302 2253 569 2306 Capitulum
602 2253 855 2307 septimum
887 2253 1106 2294 discurrit
1136 2267 1224 2307 per
1254 2253 1331 2293 illa
1364 2257 1473 2293 octo
1501 2264 1566 2291 ar-

242 2328 478 2376 gumenta,
544 2323 714 2376 quibus
766 2325 995 2377 probatur
1044 2337 1105 2364 ex
1158 2323 1390 2377 scriptura
1442 2322 1568 2374 quod

185 2401 227 2432 30
242 2391 414 2432 Petrus
448 2392 593 2432 debet
631 2394 808 2433 habere
840 2392 1093 2447 primatum
1132 2405 1278 2446 super
1310 2391 1426 2432 alios
1460 2404 1565 2444 apo-

244 2462 395 2502 stolos
436 2467 483 2502 et
520 2475 608 2515 per
649 2475 948 2516 consequens
980 2475 1106 2516 papa
1138 2475 1284 2515 super
1324 2461 1438 2502 alios
1472 2460 1567 2514 epi-

243 2544 443 2584 scopos;
474 2531 628 2584 primo
660 2531 806 2585 igitur
829 2533 1039 2572 declarat
1072 2532 1202 2585 quod
1223 2531 1452 2584 primatus
1474 2530 1566 2571 iste

242 2614 339 2641 non
370 2600 513 2642 infert
545 2601 920 2642 dominacionem
951 2602 1031 2642 vel
1061 2599 1457 2654 preeminenciam
1498 2612 1565 2640 se-

245 2671 462 2722 cularem,
490 2671 621 2724 quod
642 2672 817 2724 probat
840 2684 901 2711 ex
923 2670 1096 2724 triplici
1123 2669 1395 2711 testimonio
1417 2670 1565 2710 Bern—

188 2739 389 2792 35hardi,
415 2740 673 2794 Augustini
696 2746 743 2781 et
765 2740 1075 2794 Crysostomi.
1109 2738 1332 2780 Secundo
1362 2739 1568 2779 declarat

318 2896 365 2925 27.
388 2888 426 2916 R:
450 2888 588 2916 dzssonit.

315 2951 356 2975 De
373 2952 522 2976 Potestate
539 2952 624 2979 Pape.
1386 2946 1426 2978 26

1763 268 1843 306 401
