2078 3338
229 255 318 284 CAP.
338 244 394 302 x]
625 257 684 289 DE
711 256 993 290 POTESTATE
1019 257 1149 290 PAPE.
1754 264 1775 291 2
1782 265 1834 304 39

226 362 577 417 respondenter
599 360 813 411 effectus,
836 360 1020 415 posicio
1045 363 1124 402 vel
1147 361 1416 403 subtraccio
1440 375 1545 403 con-

228 437 464 486 sequetur.
516 431 631 472 Cum
673 431 817 486 igitur
855 436 963 472 ante
997 432 1296 473 dotacionem
1334 445 1427 472 non
1460 432 1548 473 fuit

228 503 332 543 talis
366 501 535 542 divisio
568 514 656 541 nec
689 501 839 541 adhuc
874 507 959 552 est,
997 502 1079 542 ubi
1109 515 1203 542 non
1244 507 1318 542 est
1347 502 1548 542 ecclesia

228 571 296 613 sic
329 572 502 621 dotata,
537 570 939 611 evidentissimum
975 577 1059 622 est,
1105 572 1235 625 quod
1265 570 1405 612 litura
1435 577 1546 612 tem-

196 641 458 695 §poralium
493 646 540 681 et
571 641 793 694 voluptas
824 641 1019 683 honoris
1051 641 1272 681 mundani
1302 647 1375 682 est
1398 654 1547 683 causa.

229 710 344 752 Cum
386 710 533 765 igitur
577 711 728 751 omnia
770 710 859 752 ista
902 710 1113 764 pericula
1145 716 1431 756 evacuantur
1461 724 1549 765 per

229 780 674 834 expropriacionem
720 785 767 819 et
812 780 1167 821 observanciam
1206 786 1356 821 status
1409 793 1548 834 quem

230 850 442 892 Christus
463 849 678 900 instituit,
701 849 998 890 manifestum
1028 855 1100 891 est
1123 851 1189 904 (ut
1213 863 1330 904 sepe
1352 849 1547 904 repecii)

229 921 359 974 quod
383 919 639 961 elemosina
660 919 785 960 foret
808 920 1186 976 expergefacere
1214 920 1341 960 illum
1366 926 1549 962 statum.

176 1006 214 1026 10
231 991 366 1031 Unde
397 1003 565 1045 magna
601 989 852 1029 infidelitas
886 995 960 1029 est
987 1003 1078 1043 qua
1101 989 1383 1031 Antichristi
1417 989 1549 1031 disci-

227 1060 327 1114 puli
372 1065 605 1100 excecant
647 1060 825 1113 laycos,
871 1060 1000 1113 quod
1041 1060 1188 1101 instar
1231 1059 1550 1113 phariseorum

229 1130 398 1172 Matth.
420 1129 466 1169 V
487 1129 737 1184 predicant
760 1142 867 1170 esse
891 1129 1189 1184 sacrilegium
1219 1130 1403 1171 auferre
1425 1131 1553 1170 bona

231 1204 504 1240 consecrata
561 1199 777 1255 ecclesie,
824 1205 871 1239 et
915 1199 982 1240 sic
1027 1200 1385 1253 sollempnizant
1429 1199 1552 1240 facta

230 1283 321 1324 que
364 1269 488 1323 layci
532 1269 681 1310 cecati
724 1269 868 1309 stulte
913 1274 960 1309 et
1005 1271 1212 1323 superbe
1246 1271 1551 1320 donaverant,

179 1340 316 1381 15sed
348 1340 590 1380 decretum
625 1338 798 1380 Christi
828 1352 924 1380 non
958 1345 1138 1388 curant;
1180 1345 1227 1381 et
1257 1345 1416 1380 tamen
1446 1339 1552 1380 luce

232 1409 399 1450 clarius
442 1414 577 1462 patet
610 1409 739 1462 quod
772 1409 1010 1449 seculares
1056 1410 1233 1450 debent
1277 1409 1551 1463 postposito
1567 1435 1705 1464 Lavmen
1729 1433 1841 1462 should

232 1478 739 1521 excommunicacionis
783 1479 953 1519 timore
997 1479 1044 1519 in
1087 1480 1179 1520 hoc
1226 1485 1378 1521 errata
1414 1479 1552 1520 corri-
1614 1464 1773 1497 ‘notfear

1598 1512 1813 1533 eXcomfflUnl·

231 1563 359 1604 gese,
405 1549 514 1603 quia
556 1554 607 1589 ut
651 1549 794 1590 docet
837 1550 999 1602 glossa
1033 1549 1266 1590 ordinaria
1298 1563 1444 1603 super
1477 1550 1552 1590 de-
1620 1539 1790 1567 cati⁰⁰f0s

1594 1575 1789 1603 withdrawin

233 1625 364 1660 creto
397 1618 573 1660 XXIV
606 1619 794 1672 questio
825 1618 846 1659 I
880 1632 980 1673 cap.
1004 1618 1045 1659 1:
1080 1618 1304 1661 Sacerdos
1334 1621 1553 1661 hereticus
1591 1582 1818 1639 endowmemff·

177 1703 217 1724 20
232 1691 298 1731 vel
313 1690 732 1730 excommunicatus
747 1702 835 1730 non
850 1691 1208 1731 excommunicat
1223 1690 1313 1731 nisi
1326 1703 1372 1731 se
1387 1691 1551 1743 ipsum,

234 1765 281 1800 et
301 1758 494 1800 indubie
519 1759 667 1799 omnis
692 1759 1104 1800 excommunicans
1136 1765 1337 1813 propter
1367 1759 1552 1800 restitu-

235 1829 418 1871 cionem
463 1828 597 1870 istius
640 1828 958 1882 perfeccionis
1004 1835 1153 1871 status
1192 1834 1357 1871 sancte
1396 1828 1554 1870 matris

235 1899 435 1941 ecclesie
460 1904 533 1940 est
554 1904 605 1940 ut
634 1899 700 1940 sic
729 1899 1175 1941 excommunicatus.
1208 1899 1324 1940 Ideo
1357 1913 1449 1941 non
1473 1900 1553 1939 ob-

234 1974 388 2010 stante
421 1968 759 2009 malediccione
792 1982 876 2009 sua
906 1970 1084 2010 bonum
1118 1968 1319 2011 ecclesie
1350 1974 1423 2009 est
1445 1982 1554 2009 con-

179 2044 217 2075 25
235 2044 413 2080 stanter
437 2044 486 2079 et
508 2038 725 2079 celeriter
748 2039 1175 2090 consummandum,
1199 2053 1308 2093 ymo
1330 2039 1398 2092 (ut
1424 2044 1556 2092 patet

234 2109 361 2163 alibi)
378 2109 479 2150 sive
496 2109 931 2150 excommunicatus
955 2109 1057 2150 sive
1079 2109 1243 2151 insons
1259 2109 1556 2150 maledixerit

234 2179 424 2229 homini,
469 2193 564 2219 non
610 2184 681 2220 est
725 2179 983 2219 timendum
1016 2179 1118 2230 sibi,
1164 2179 1253 2220 nisi
1287 2180 1345 2220 de
1380 2184 1555 2233 quanto

238 2248 545 2289 declinaverit
568 2262 592 2288 a
615 2248 786 2289 Christi
816 2249 1022 2289 consiliis
1045 2249 1123 2289 vel
1146 2249 1405 2303 preceptis.
1439 2249 1555 2289 1deo

237 2321 305 2371 (ut
343 2318 456 2358 dicit
493 2319 671 2372 glossa)
695 2332 791 2359 non
815 2320 1035 2359 obstante
1064 2318 1560 2360 excommunicacione

121 2396 200 2425 221⁵
237 2388 318 2429 tali
348 2389 490 2429 homo
524 2389 668 2428 debet
702 2389 867 2430 saltem
901 2389 1180 2431 abscondite
1209 2388 1213 2444 Ι
1243 2390 1483 2430 celebrare
1511 2393 1561 2429 et

237 2458 396 2498 facere
445 2471 743 2511 quecumque
787 2460 914 2499 bona
966 2460 1024 2499 de
1076 2472 1255 2513 genere
1306 2459 1558 2501 inturbate.

241 2526 382 2580 Quod
427 2527 466 2567 si
508 2541 618 2581 pars
651 2527 932 2569 Antichristi
974 2528 1034 2569 ad
1077 2533 1256 2569 tantum
1299 2528 1558 2581 prevaleat,

241 2596 370 2650 quod
421 2596 482 2637 sit
526 2596 787 2639 Christiano
839 2597 1033 2651 plurior,
1087 2597 1363 2639 christianus
1416 2598 1562 2638 debet

238 2666 431 2720 publice
462 2666 733 2717 reclamare,
766 2666 874 2720 quia
904 2667 1009 2708 talis
1041 2667 1165 2708 foret
1190 2667 1398 2721 gloriosa
1421 2679 1561 2707 causa

313 2805 356 2834 15.
380 2805 498 2833 Codd.:
519 2813 582 2833 non
602 2808 711 2833 curant
729 2809 926 2842 postponere.
1005 2814 1034 2840 4.
1055 2806 1151 2833 litura
1171 2805 1190 2834 i.
1212 2814 1237 2834 e.
1258 2805 1390 2833 macula.

317 2899 367 2932 19.
393 2888 443 2921 Cf.
473 2889 635 2922 Glossam
661 2890 737 2921 ord.
763 2889 832 2931 (ed.
851 2890 976 2923 Venet.
1009 2887 1110 2932 1595)
1136 2889 1159 2932 1,
1187 2899 1220 2930 p.
1252 2888 1350 2931 1295.
