2078 3338
170 292 260 321 CAP.
280 280 335 338 11.]
565 293 623 325 DE
651 292 931 324 POTEsTATE
957 291 1091 324 PAPE.

171 398 389 453 corporei
451 404 502 438 ut
558 398 766 438 membra
822 395 1026 436 hominis
1038 410 1048 447 ;
1114 396 1322 436 secunda
1382 409 1487 436 cum

169 469 376 509 membra
407 468 500 508 sint
531 467 722 517 mistica,
753 480 848 507 non
879 470 1118 519 repugnat
1149 466 1231 506 sed
1263 466 1487 506 convenit

170 538 300 592 quod
321 550 462 577 unum
483 538 741 577 membrum
762 537 934 576 habeat
949 535 1244 576 diversorum
1259 548 1487 588 generum

170 606 346 658 officia;
390 608 530 647 horno
577 606 698 646 enim
744 611 817 646 est
861 605 992 659 quasi
1038 605 1335 658 universitas,
1377 606 1486 646 ideo

136 677 259 717 §sibi
303 676 523 717 convenit
564 676 795 716 instanter
847 688 989 729 agere
1034 680 1257 728 quantum
1308 680 1486 729 potest.

168 746 336 788 Tereia
354 745 602 787 diversitas
636 751 720 799 est,
752 745 864 786 licet
894 745 1104 785 membra
1126 744 1327 785 ecclesie
1349 746 1487 786 habe-

169 821 249 857 ant
289 815 491 857 virtutes
541 815 742 856 influxas
793 829 819 855 a
862 813 1057 865 Christo,
1110 814 1231 855 sicut
1280 816 1489 855 membra

170 885 383 940 corporis
426 887 605 926 habent
647 885 849 926 virtutes
892 884 1092 925 influxas
1144 886 1200 925 ab
1250 884 1413 934 anima,
1465 898 1490 925 a

169 955 341 1009 quibus
373 961 613 1009 ponuntur
643 956 690 996 in
724 968 831 996 esse
862 956 1191 1008 membrorum,
1235 960 1391 996 tamen
1422 955 1488 996 in-

115 1041 153 1061 10
167 1025 367 1066 fluencia
397 1025 528 1079 prior
562 1031 610 1066 et
639 1027 958 1066 membrorum
986 1025 1206 1078 operacio
1230 1031 1304 1067 est
1324 1026 1487 1066 volun-

166 1095 282 1136 taria
325 1100 373 1136 et
415 1095 632 1149 graciosa
677 1101 724 1136 et
765 1094 1016 1149 meritoria,
1071 1101 1118 1136 et
1169 1096 1380 1137 secundo
1423 1096 1487 1136 in-

165 1165 366 1206 fiuencia
422 1165 572 1205 anime
631 1170 679 1205 et
728 1166 1046 1205 membrorum
1104 1165 1325 1218 operacio
1380 1171 1490 1207 sunt

166 1235 400 1276 naturales
427 1240 475 1275 et
495 1235 852 1288 permanencius
880 1235 1211 1287 perdurantes;
1234 1235 1346 1276 licet
1368 1235 1487 1275 enim

167 1305 426 1345 membrum
459 1305 665 1344 ecclesie
697 1310 868 1358 posset
887 1303 1107 1344 facillime
1130 1304 1299 1345 mutari
1322 1318 1384 1345 ex
1407 1318 1490 1346 sua

115 1374 477 1416 13vertibilitate
523 1375 580 1414 ab
625 1388 719 1415 uno
770 1376 982 1415 membro
1033 1374 1080 1414 in
1128 1374 1252 1415 aliud
1302 1375 1381 1415 vel
1428 1388 1489 1415 ex

167 1443 437 1485 variacione
471 1444 631 1498 operis
655 1444 873 1485 desinere
907 1457 1012 1485 esse
1034 1446 1294 1484 membrum
1315 1444 1488 1497 vivum,

166 1515 258 1555 hoc
289 1519 444 1554 tamen
477 1528 572 1555 non
604 1520 768 1568 potest
800 1514 1078 1569 contingere
1112 1528 1173 1555 ex
1218 1514 1490 1556 differencia

167 1584 359 1638 spiritus
402 1583 654 1638 influentis,
699 1585 824 1625 unde
869 1584 978 1638 quia
1020 1589 1122 1625 tota
1163 1585 1360 1625 materia
1400 1585 1490 1626 ista

169 1660 240 1694 est
270 1653 572 1703 insensibilis,
608 1660 682 1695 est
712 1655 854 1708 plena
884 1654 1103 1695 illusione
1136 1654 1409 1708 zophistica.

1721 294 1768 331 41

112 1739 153 1762 20
225 1723 321 1766 Sed
355 1730 580 1777 quantum
614 1725 671 1764 ad
703 1724 913 1766 ultimum
946 1724 1128 1766 scilicet
1162 1724 1489 1778 perdicionem
1516 1741 1671 1768 Members
1692 1741 1762 1768 who

166 1793 406 1848 potencie,
439 1794 638 1845 videtur,
685 1808 789 1835 cum
831 1800 1049 1848 potestas
1090 1795 1168 1835 illa
1204 1794 1263 1836 sit
1294 1776 1779 1839 licenciafasii1¹sstsse¹i³h2riial

169 1864 410 1917 operandi,
446 1865 575 1918 quod
606 1865 892 1918 generaliter
920 1865 1135 1918 perditur
1165 1878 1253 1918 per
1283 1867 1488 1918 mortale,

170 1948 274 1974 cum
325 1935 386 1975 sit
429 1935 640 1976 illicitum
684 1935 764 1976 tali
812 1935 987 1989 aliquid
1032 1935 1228 1988 operari.
1289 1935 1351 1976 Et
1400 1935 1490 1977 ista

167 2004 356 2046 videtur
400 2005 643 2046 sentencia
683 2005 813 2046 beati
859 2005 1078 2059 Gregorii
1120 2005 1278 2059 posita
1319 2006 1366 2046 in
1412 2007 1488 2047 de-

112 2079 151 2113 25
169 2075 310 2116 cretis
342 2075 431 2129 XI,
467 2090 510 2129 q.
543 2075 634 2116 III:
674 2076 790 2129 Ipse,
820 2075 985 2129 inquit,
1022 2077 1206 2129 ligandi
1235 2080 1366 2128 atque
1395 2078 1488 2117 sol-

167 2146 299 2185 veudi
324 2149 543 2198 potestate
574 2159 621 2187 se
645 2147 818 2198 privat,
850 2147 928 2198 qui
953 2147 1072 2186 hauc
1096 2158 1185 2198 pro
1208 2148 1306 2187 suis
1327 2148 1487 2188 voluu-

167 2215 335 2256 tatibus
379 2219 417 2256 et
458 2228 548 2256 uou
591 2217 880 2256 subditorum
932 2216 1140 2256 moribus
1192 2221 1370 2258 exercet.
1428 2217 1490 2258 Et

168 2285 400 2338 sequitur:
453 2286 670 2327 [udicare
721 2287 857 2339 digue
908 2287 962 2326 de
1011 2287 1205 2327 subditis
1255 2291 1488 2339 uequeuut,

53 2360 132 2399 171²
168 2356 244 2408 qui
271 2353 275 2409 Ι
303 2356 351 2395 iu
382 2356 669 2397 subditorum
701 2357 856 2396 causis
885 2368 973 2396 sua
1003 2357 1073 2396 vet
1104 2357 1206 2396 odio
1236 2357 1305 2397 vet
1320 2358 1489 2409 gracia

112 2427 428 2478 Fosequuutur.
469 2425 504 2466 T
500 2438 600 2476 uuc,
645 2425 798 2479 inquit
843 2438 953 2466 vera
985 2429 1049 2466 est
1079 2426 1307 2466 absolucio
1330 2427 1487 2479 presi-

168 2496 326 2544 dentis,
379 2508 482 2536 cum
534 2496 704 2535 iuterui
752 2496 956 2547 sequitur
1006 2496 1255 2536 arbitrium
1307 2496 1488 2546 iudicis,

167 2565 286 2616 quod
331 2565 435 2605 beue
478 2565 797 2617 quadriduani
840 2565 1014 2605 mortui
1061 2566 1355 2606 resuscitacio
1405 2566 1489 2606 illa

167 2635 334 2686 siguat,
381 2635 489 2686 quia
527 2636 667 2687 prius
698 2633 929 2676 Domiuus
971 2638 1210 2676 mortuum
1254 2636 1490 2676 suscitavit

240 2801 288 2820 20.
311 2794 333 2820 Β
354 2793 385 2820 in
405 2802 520 2830 marg.:
547 2794 684 2822 Perdere
703 2796 908 2830 potestatem;
933 2796 962 2822 A
987 2795 1019 2822 in
1046 2803 1163 2832 marg:
1188 2794 1374 2822 Potestatem
1399 2794 1488 2822 homo

167 2839 272 2873 perdit
284 2847 346 2874 per
360 2843 518 2875 peccatum
537 2840 679 2868 mortale.

240 2924 293 2957 25.
319 2924 455 2956 Decreti
488 2925 641 2956 secunda
674 2935 763 2968 pars,
791 2925 904 2957 Causa
934 2925 989 2969 XI,
1024 2936 1057 2967 q.
1085 2925 1139 2965 111,
1172 2935 1246 2968 cap.
1275 2925 1487 2957 LX—-LXII,

1580 1854 1696 1881 power.
