2078 3338
295 280 377 318 334

1016 273 1240 307 JOHANNIS
1266 271 1452 305 WYCLIF
1693 254 1799 314 [CAP.
1827 268 1890 295 ΧΠ,

304 390 337 417 111
361 390 550 429 sulingtiupy
584 380 748 420 simum
776 379 781 434 Ι
807 379 941 433 ipsos
983 378 1031 418 in
1073 378 1244 418 talibus
1288 375 1522 430 occupari,
1566 381 1617 416 ut
1660 380 1793 429 patet
1836 376 1894 416 de
1940 386 2022 429 244¹³

322 425 443 452 forsake
464 425 542 451 their

333 459 420 486 office
439 459 488 487 for
507 467 524 486 a

337 494 432 521 lower
453 502 522 522 one.

584 449 769 491 Christo
820 448 901 502 qui
950 447 1153 489 nescivit
1195 447 1353 488 taliter
1394 446 1564 498 facere,
1630 459 1733 486 cum
1782 451 1895 486 tunc

581 519 725 560 sciret
745 518 1006 572 degradare
1039 530 1090 558 se
1120 516 1275 570 ipsum
1307 516 1368 556 ad
1399 521 1573 557 statum
1607 520 1654 556 et
1685 514 1896 555 ordinem

580 589 820 642 laycalem,
867 577 931 628 et*
955 600 1043 640 per
1074 599 1374 639 consequens
1407 585 1548 626 sciret
1578 585 1700 625 male
1736 584 1896 624 facere

582 663 630 698 et
660 670 873 710 peccare.
921 655 1186 696 Prudencia
1214 655 1373 708 itaque
1415 654 1527 694 cleri
1557 659 1650 694 stat
1679 653 1727 694 in
1758 653 1894 694 decli·
1912 664 1929 696 5

580 727 777 768 nacione
804 726 911 768 talis
934 726 1091 780 operis
1112 724 1393 779 imperfecti,
1426 725 1548 765 sicut
1577 725 1702 764 foret
1721 725 1896 764 bonum

580 797 628 837 in
657 796 805 850 laycis
837 809 956 849 pure
987 794 1342 836 intendentibus
1375 795 1506 834 scole
1540 792 1722 834 Christi.
1754 792 1895 834 Nota-

579 879 734 906 remus
779 865 940 918 itaque
989 864 1116 917 quod
1160 863 1410 903 duodecim
1454 862 1709 916 episcopis,
1776 874 1895 915 quos

581 935 793 976 Christus
835 934 883 974 in
927 934 1056 974 scola
1100 946 1183 973 sua
1212 933 1484 981 nutriverat,
1518 934 1646 973 solus
1680 931 1896 974 Scarioth

581 1019 632 1046 se
672 1004 828 1058 ipsum
870 1003 1065 1044 amando
1107 1007 1216 1055 post
1257 1003 1575 1056 apostolatum
1618 1000 1954 1055 proprietati10

579 1075 859 1125 intenderat,
903 1086 1009 1113 nam
1044 1072 1151 1113 Act.
1194 1072 1345 1125 primo
1385 1075 1433 1113 18
1473 1071 1585 1112 dicit
1621 1072 1792 1112 Petrus
1837 1071 1895 1110 de

581 1143 817 1186 Scarioth:
851 1144 921 1184 hic
949 1143 1150 1195 possedit
1181 1150 1350 1195 agrum
1391 1143 1445 1183 de
1485 1142 1689 1182 mercede
1728 1141 1893 1193 iniqui-

580 1215 697 1255 tatis.
758 1212 861 1253 Nec
903 1212 1021 1266 phas
1079 1216 1152 1252 est
1211 1212 1405 1251 credere
1456 1211 1586 1264 quod
1634 1211 1806 1251 Petrus
1848 1210 1895 1250 in

579 1283 672 1324 hoc
703 1282 926 1323 mentitus
955 1287 1040 1332 est,
1084 1294 1174 1321 nec
1208 1280 1504 1334 evangelium
1535 1280 1698 1322 Matth.
1720 1279 1896 1320 XXVI

581 1352 858 1393 contradicit
878 1351 956 1392 isti
978 1350 1231 1401 sentencie,
1265 1350 1373 1404 quia
1396 1364 1500 1391 cum
1523 1349 1741 1391 Scarioth
1761 1349 1892 1403 prius
1916 1357 1951 1389 15

579 1435 669 1475 pro
692 1421 886 1474 triginta
910 1421 1148 1474 argenteis
1170 1420 1385 1461 vendidit
1411 1419 1714 1474 pontificibus
1737 1419 1893 1461 Salva-

579 1497 744 1542 torem,
780 1496 1130 1531 assecuraturus
1154 1491 1213 1530 de
1235 1490 1399 1544 precio
1434 1496 1481 1530 et
1504 1490 1701 1530 credens
1733 1489 1895 1530 verbis

578 1560 804 1614 magistri,
837 1561 963 1614 quod
996 1560 1083 1600 fuit
1112 1560 1160 1601 in
1190 1560 1408 1614 proximo
1442 1560 1706 1607 moriturus,
1739 1559 1895 1613 potuit

580 1630 835 1684 providere
882 1629 972 1670 sibi
1017 1630 1076 1670 de
1118 1630 1307 1671 redditu
1343 1643 1497 1684 prope
1528 1629 1799 1681 Jerusalem,
1843 1633 1895 1669 ut

580 1700 830 1741 frustratus
883 1713 908 1739 a
957 1700 1088 1740 lucro
1134 1701 1263 1753 quod
1309 1699 1559 1739 videbatur
1608 1700 1788 1739 habere
1833 1711 1895 1738 ex
1911 1716 1952 1737 20

579 1769 706 1810 furto
742 1769 996 1810 communis
1035 1769 1252 1822 pecunie,
1301 1768 1553 1822 provideat
1585 1767 1675 1809 sibi
1707 1773 1754 1808 et
1797 1767 1894 1808 suis

580 1838 873 1893 possidendo
936 1838 1049 1878 illud
1110 1838 1446 1892 proprietarie;
1509 1852 1598 1878 nec
1654 1843 1894 1892 repugnat

582 1908 712 1962 quod
748 1908 935 1961 accepit
971 1908 1330 1961 possessionem
1366 1908 1685 1961 nuncupative
1725 1908 1894 1948 dictam

582 1979 660 2018 vel
692 1977 921 2019 sessinam
964 1976 1010 2017 in
1042 1977 1224 2031 predio,
1271 1983 1319 2018 et
1349 1983 1463 2031 post
1491 1978 1781 2031 reportando
1813 1991 1892 2031 pe-

581 2046 761 2087 cuniam
812 2046 1010 2087 dandam
1060 2060 1148 2099 pro
1202 2059 1331 2099 agro,
1384 2046 1577 2087 audiens
1621 2047 1893 2100 magistrum
1910 2053 1949 2085 25

581 2117 983 2169 condempnatum,
1003 2115 1298 2157 infructuose
1317 2116 1538 2169 penitens
1559 2129 1610 2157 se
1633 2116 1892 2169 suspendit.

578 2186 723 2237 Judas
756 2185 878 2225 enim
909 2199 1004 2226 non
1037 2185 1222 2237 dormit,
1255 2186 1341 2226 sed
1371 2185 1484 2226 facit
1510 2186 1740 2226 velociter
1770 2186 1893 2226 facta

579 2269 674 2306 sua,
720 2260 768 2295 et
812 2255 1092 2296 consonabit
1123 2255 1253 2308 quod
1294 2254 1409 2295 illud
1440 2255 1738 2296 maledictum
1771 2268 1892 2296 com-

578 2324 802 2365 mercium
838 2324 964 2365 foret
999 2324 1207 2378 undique
1245 2325 1502 2365 mendaciis
1540 2330 1889 2378 pertractatum.

579 2393 657 2435 Sic
700 2393 845 2447 igitur
888 2394 1148 2434 secundum
1190 2394 1416 2447 regulam,
1462 2407 1553 2447 qua
1589 2394 1890 2448 Augustinus
1907 2402 1949 2434 30

580 2463 835 2504 concordat
864 2462 1123 2516 evangelia,
1154 2463 1284 2503 credi
1314 2464 1459 2504 debet
1485 2469 1579 2504 tam
1600 2463 1732 2503 Petri
1755 2476 1888 2503 evan-

578 2532 707 2586 gelio
752 2545 890 2585 quam
932 2532 1150 2580 Matthei;
1194 2545 1283 2572 nec
1328 2537 1457 2573 earet
1505 2532 1716 2573 misterio
1762 2533 1890 2585 quod

579 2601 740 2642 Yudas
784 2600 1006 2655 pontifex
1059 2601 1181 2655 legis
1230 2615 1356 2642 nove
1401 2601 1468 2643 sic
1519 2607 1752 2643 mercatus
1803 2601 1891 2642 fuit

579 2670 857 2712 abscondite
902 2684 1007 2710 cum
1048 2671 1353 2724 pontificibus
1397 2671 1573 2713 veteris
1604 2671 1889 2721 testamenti,

579 2741 687 2794 quia
730 2740 797 2780 sic
843 2740 1141 2781 continuatur
1172 2740 1426 2794 generacio
1467 2754 1625 2781 eorum
1658 2741 1887 2793 adultera3
1907 2747 1945 2781 35

650 2854 694 2883 15.
716 2855 738 2882 Β
759 2854 789 2882 in
810 2862 923 2888 marg-z
943 2854 1038 2881 Judas
1055 2855 1196 2889 possedit
1215 2863 1339 2890 agrum.
1415 2863 1459 2883 21.
1482 2855 1518 2891 B:
1539 2855 1652 2882 videat.
1736 2854 1784 2883 25.
1804 2856 1892 2883 sessi-

578 2909 647 2929 nam
661 2901 800 2929 =seisin
820 2908 858 2927 an
878 2899 1006 2932 English
1026 2900 1084 2928 law
1104 2905 1181 2931 term
1203 2900 1382 2936 (Matthew).
