2078 3338
232 281 283 319 52
957 277 1181 310 JOHANNIS
1207 275 1394 309 WYCLIF
1643 263 1751 320 [CAP.
1781 274 1832 301 111.

521 382 768 423 ecclesiam
800 395 930 422 suam
963 395 988 422 a
1019 381 1253 435 principio
1287 382 1525 431 oberasse,
1558 380 1597 421 si
1626 379 1706 420 isti
1725 379 1838 419 fidei

518 452 700 493 falsitas
733 452 793 492 sit
825 453 1073 492 substrata.

278 532 457 594 diffiiigiison
578 521 711 573 Item,
745 521 955 562 secundo
980 534 1041 561 ex
1065 520 1367 575 opinionibus
1388 519 1521 560 Petri
1541 525 1655 574 post
1676 532 1837 560 ascen·

240 600 507 663 ffffg‘iiinsssfflsigiief'
521 590 703 631 sionem
719 591 882 631 eadem
896 591 1071 632 veritas
1086 590 1397 644 probabiliter
1411 589 1629 630 convinci
1647 589 1837 643 poterit,

520 675 626 701 nam
648 660 737 701 soli
757 659 902 702 Petro
927 667 1169 702 ostensum
1194 666 1267 702 est
1295 660 1522 701 lintheum
1555 659 1870 700 submissum5

522 732 580 771 de
615 732 731 782 celo,
774 731 821 771 in
855 744 949 784 quo
984 737 1116 772 erant
1147 731 1301 772 omnia
1332 729 1656 784 quadrupedia
1689 735 1738 770 et
1766 742 1838 769 re-

520 801 690 854 pencia
720 807 846 842 terre
880 807 927 841 et
955 801 1162 842 volatilia
1195 801 1296 854 celi,
1328 806 1380 840 ut
1405 805 1540 853 patet
1566 800 1675 840 Act.
1698 799 1761 850 X,
1790 812 1837 850 13

523 876 571 910 et
613 870 701 923 XI,
743 885 763 923 7
811 877 859 911 et
903 870 994 911 sibi
1037 871 1127 911 soli
1169 870 1343 911 dictum
1385 875 1459 910 est
1501 869 1560 909 de
1589 869 1593 924 Ι
1622 868 1839 910 omnibus
1883 874 1959 914 173²

520 939 609 980 illis
643 940 935 981 animalibus:
975 939 1123 993 Surge
1158 940 1301 990 Patre,
1339 940 1487 980 occide
1523 942 1562 979 et
1593 939 1839 980 manduca.

232 1017 500 1089 ¹hHeisgrveigstiosnhecffett¹
521 1009 770 1051 Lintheum
803 1015 959 1051 autem
982 1016 1184 1063 quatuor
1204 1009 1355 1050 iniciis
1379 1007 1663 1049 submissum
1686 1007 1842 1061 signat
1859 1023 1899 1045 10

523 1079 823 1133 superficiem
879 1085 1007 1120 terre
1068 1079 1336 1121 habitabilis
1395 1078 1648 1130 hominum,
1710 1077 1841 1118 cuius

521 1149 749 1202 planicies
773 1154 848 1190 est
871 1154 1097 1190 contexta
1126 1155 1173 1190 et
1194 1149 1303 1190 trita
1324 1154 1376 1190 ut
1399 1149 1626 1190 lintheum
1649 1149 1841 1188 descen-

522 1220 665 1260 dente
697 1218 947 1259 influencia
970 1219 1059 1259 celi
1087 1220 1144 1259 ab
1169 1218 1367 1273 oriente,
1400 1218 1664 1269 occidente,
1695 1218 1844 1257 borea

523 1294 571 1329 et
603 1294 761 1329 austro
779 1288 838 1328 ad
865 1288 1224 1341 temperandum
1247 1288 1336 1329 soli
1357 1287 1606 1341 planiciem
1629 1287 1686 1327 ad
1708 1299 1842 1326 usum

520 1357 771 1398 hominum.
805 1357 890 1397 Illa
923 1363 1078 1398 autem
1110 1357 1197 1398 tria
1228 1370 1406 1411 genera
1444 1356 1704 1397 animalium
1737 1356 1838 1396 sub·
1862 1361 1897 1393 15

234 1435 508 1498 Meanxii‘sioiifffiat
522 1427 663 1467 missa
703 1426 750 1467 in
794 1426 970 1467 lintheo
1016 1427 1205 1481 signant
1242 1440 1330 1480 per
1362 1427 1574 1467 ordinem
1606 1425 1842 1466 seculares

524 1496 739 1537 dominos
783 1502 835 1536 ut
891 1496 1228 1550 quadrupedia,
1288 1497 1460 1550 vulgus
1505 1501 1557 1537 ut
1598 1501 1725 1536 terre
1772 1507 1842 1534 re-

521 1566 705 1620 pencia,
739 1571 787 1606 et
819 1566 995 1607 clerum
1029 1572 1078 1607 ut
1098 1566 1308 1607 volatilia
1337 1566 1385 1606 in
1409 1564 1844 1606 consideracionem

524 1635 937 1689 contemplativam
968 1641 1237 1690 temporum
1265 1635 1492 1676 volancia.
1525 1635 1623 1675 Ista
1655 1633 1844 1688 quidem

521 1706 610 1747 tria
661 1718 840 1760 genera
888 1706 1130 1746 hominum
1181 1706 1422 1760 integrant
1478 1705 1657 1745 incolas
1707 1703 1844 1745 huius
1861 1720 1903 1742 20

523 1775 695 1816 mundi.
728 1775 899 1816 Petrus
933 1781 1088 1817 autem
1120 1776 1328 1817 surrexit
1360 1781 1561 1816 armatus
1589 1774 1845 1815 Virtutibus

526 1851 573 1886 et
605 1845 780 1887 occidit
803 1846 861 1886 de
888 1846 993 1887 istis
1023 1846 1175 1887 tribus
1199 1845 1472 1900 generibus,
1507 1858 1611 1886 cum
1642 1843 1848 1886 extinxit

523 1916 571 1955 in
614 1915 681 1956 eis
725 1915 1094 1957 mundialitatem
1133 1922 1181 1957 et
1223 1916 1337 1957 fecit
1381 1929 1465 1956 eos
1503 1928 1599 1956 non
1635 1914 1846 1955 homines

526 1986 683 2039 quoad
706 1987 942 2029 mundum.
977 1985 1056 2028 Sic
1086 1986 1207 2027 enim
1251 1985 1479 2040 accipitur
1509 1986 1650 2026 homo
1686 1984 1847 2038 sepius

524 2055 572 2095 in
604 2056 850 2109 scriptura,
884 2062 936 2097 ut
966 2062 1101 2110 patet
1131 2056 1164 2097 Ι.
1189 2055 1397 2097 Corinth.
1422 2055 1506 2107 ΙΙΙ,
1531 2069 1575 2107 3:
1613 2054 1727 2097 Cum
1758 2055 1903 2096 sint25

524 2125 642 2166 iuter
672 2138 750 2166 vos
785 2127 905 2167 zelus
943 2130 983 2167 et
1016 2127 1254 2179 conlencio,
1298 2138 1445 2166 nonne
1488 2127 1700 2166 carnales
1743 2125 1848 2165 estis

526 2199 565 2235 et
606 2197 855 2237 secuudum
896 2197 1126 2237 hominem
1171 2196 1450 2237 ambulatis?
1499 2195 1640 2236 Unde
1679 2196 1846 2235 beatus

525 2265 698 2306 Petrus
722 2267 872 2306 verbo
898 2272 946 2306 et
968 2279 1116 2320 opere
1139 2265 1478 2320 interpretatus
1505 2265 1594 2306 fuit
1615 2264 1848 2306 visionem

526 2334 893 2388 ymaginativam
926 2336 983 2376 ad
1013 2336 1138 2376 hunc
1170 2348 1374 2388 sensum,
1409 2335 1538 2388 quod
1565 2334 1846 2375 manducare

528 2417 662 2445 suum
708 2410 808 2446 erat
850 2418 1109 2459 perversos
1153 2418 1306 2446 mores
1344 2404 1392 2445 in
1431 2404 1499 2445 eis
1537 2403 1847 2458 prescindere
1865 2409 1906 2441 30

529 2480 576 2514 et
608 2487 691 2515 eos
713 2474 1028 2528 personaliter
1048 2475 1354 2528 incorporare
1379 2473 1600 2521 ecclesie;
1636 2473 1703 2515 sic
1727 2472 1849 2513 enim

529 2543 643 2584 dicit
666 2543 877 2584 Christus
906 2544 1009 2595 Joh.
1037 2543 1119 2597 IV,
1150 2557 1224 2596 32:
1256 2543 1352 2596 Ego
1374 2544 1525 2584 cibum
1540 2544 1676 2585 habeo
1709 2555 1847 2584 man-

528 2615 698 2654 ducare
718 2626 849 2666 quem
870 2626 949 2654 vos
975 2615 1169 2655 nescitis.
1195 2612 1397 2666 Quando
1422 2612 1544 2653 enirn
1566 2612 1848 2667 predicator,

530 2682 610 2736 qui
632 2681 931 2723 Canticorum
953 2683 1034 2737 IV,
1059 2696 1080 2723 2
1116 2682 1286 2723 dicitur
1307 2684 1457 2723 dentes
1482 2695 1654 2735 sponse,
1687 2682 1847 2736 gladio

529 2752 723 2806 spiritus
757 2753 932 2794 occidit
964 2753 1281 2794 carnalitatem
1315 2758 1362 2793 et
1394 2766 1476 2793 ore
1509 2752 1711 2793 ecclesie
1741 2765 1848 2793 con-
1864 2757 1904 2790 35

529 2822 640 2862 terit
683 2822 740 2861 ad
783 2822 1100 2875 penitenciam
1145 2822 1516 2863 convertendos:
1560 2826 1672 2862 tunc
1716 2821 1846 2875 spiri-

530 2890 718 2931 tualiter
763 2891 969 2932 comedit
1012 2904 1271 2932 conversos
1317 2890 1613 2931 assimilando
1667 2904 1749 2932 eos
1800 2891 1847 2931 in
