2078 3338
310 277 388 314 140

300 1010 368 1037 The
386 1010 442 1045 gift
461 1010 495 1037 of
510 1011 561 1037 the

335 1046 408 1079 keys
428 1053 493 1072 was
512 1051 542 1073 to

369 1080 456 1107 Peter
474 1088 507 1107 as

335 1115 541 1177 sssszfflassffsfit.

1031 273 1256 306 JOHANNIS
1281 273 1466 305 WYCLIF
1708 262 1814 314 [CAP.
1834 271 1903 299 VII.

593 376 705 417 dicit
726 377 1041 430 Bernhardus,
1076 377 1204 430 quod
1229 378 1489 430 pascendas
1514 389 1603 417 non
1628 379 1909 430 premendas

592 446 805 499 suscepit
853 446 1097 499 Eugenius
1156 459 1273 487 oves
1327 445 1515 492 Christi;
1586 447 1731 486 debet
1788 446 1909 486 enim

590 529 805 569 pugnare
848 522 1084 569 tamquam
1128 515 1382 569 spiritualis
1427 515 1561 556 miles
1607 529 1711 556 cum
1754 516 1909 568 gladio

591 585 798 639 spiritus,
831 586 888 625 ad
910 586 1200 639 spiritualem
1220 585 1313 626 Dei
1338 585 1548 626 iniuriam
1572 585 1910 626 vindicandam.

591 655 688 696 Sed
730 661 985 709 postquam
1027 655 1176 696 mixta
1221 660 1295 695 est
1341 668 1443 695 cum
1485 655 1716 710 religione
1762 660 1942 695 sacer-5

591 725 754 765 dotum
777 723 988 778 civilitas,
1020 724 1254 779 surrepsit
1274 724 1321 764 in
1345 724 1468 764 clero
1497 724 1728 780 superbia,
1762 723 1910 764 civilis

592 794 786 835 exaccio
812 799 858 834 et
879 800 1231 835 monstruosum
1254 793 1522 841 dominium,
1555 794 1620 834 ita
1643 794 1772 847 quod
1797 793 1912 833 illud

590 864 766 904 Psalmi
797 863 873 904 IX
918 865 979 904 de
1021 864 1317 905 Antichristo
1361 864 1599 917 loquentis
1642 863 1912 903 verificatur

590 933 751 973 hodie:
803 934 928 975 Dum
965 935 1167 987 superbit
1202 935 1387 987 impius,
1426 934 1682 974 incenditur
1717 945 1911 986 pauper.

650 1002 711 1043 Et
743 1008 967 1056 quantum
1000 1004 1058 1043 ad
1088 1003 1199 1043 illud
1234 1008 1410 1043 tactum
1439 1003 1497 1043 de
1522 1002 1731 1043 clavibus
1755 1002 1910 1055 singu·
1930 1018 1969 1040 10

591 1071 749 1112 lariter
771 1072 890 1113 datis
912 1072 1073 1123 Petro,
1105 1079 1157 1113 ut
1188 1072 1363 1114 dictum
1392 1078 1477 1121 est,
1509 1072 1623 1112 nulli
1643 1072 1771 1112 fideli
1800 1071 1912 1112 licet

593 1141 845 1195 ambigere,
881 1142 993 1195 quin
1025 1142 1198 1182 Petrus
1237 1147 1473 1196 tamquam
1505 1141 1739 1195 generalis
1772 1147 1909 1182 attor-

591 1216 728 1252 natus
771 1213 972 1266 gerebat
1023 1225 1276 1265 personam
1330 1211 1545 1264 ecclesie,
1595 1211 1677 1251 ubi
1724 1211 1912 1264 recepit

590 1285 883 1334 potestatem
913 1295 1009 1322 non
1032 1281 1333 1335 singulariter
1353 1294 1443 1335 pro
1467 1294 1518 1321 se
1543 1286 1590 1321 et
1613 1293 1910 1334 quocumque

589 1350 810 1391 Romano
853 1351 1081 1404 pontifice
1125 1351 1210 1391 sed
1252 1350 1538 1404 generaliter
1577 1356 1626 1391 et
1657 1349 1966 1403 superemi-15

590 1427 760 1461 nenter
801 1434 887 1474 pro
933 1434 1233 1474 quocumque
1293 1420 1546 1460 sacerdote
1598 1418 1789 1460 similius
1841 1432 1910 1459 se-

592 1489 768 1543 quenti,
814 1490 888 1530 cui
921 1496 994 1530 est
1026 1490 1310 1543 quicumque
1342 1490 1476 1530 locus
1509 1490 1586 1530 vel
1618 1489 1798 1529 eleccio
1830 1489 1909 1529 hu-

590 1573 723 1600 mana
752 1558 1074 1613 impertinens,
1107 1558 1215 1612 quia
1246 1559 1444 1599 donacio
1472 1559 1665 1599 istarum
1690 1556 1908 1614 clavium!

592 1634 666 1669 est
703 1628 910 1669 divinum
949 1627 1220 1668 misterium.
1272 1626 1394 1669 Sunt
1432 1627 1554 1668 enim
1593 1628 1719 1668 dicte
1753 1629 1910 1668 claves
1954 1632 2032 1677 195el

590 1703 802 1752 potestas
848 1703 898 1738 et
940 1696 1146 1741 sciencia
1190 1697 1248 1737 ad
1293 1696 1603 1737 edificandum
1649 1697 1908 1745 ecclesiam,
1927 1713 1968 1735 20

592 1782 684 1822 que
716 1768 959 1822 signanter
993 1767 1171 1807 debent
1204 1780 1311 1807 esse
1340 1766 1387 1807 in
1410 1766 1623 1821 quolibet
1646 1768 1910 1819 sacerdote,

301 1844 641 1915 k{³E}k¹g‘ss,¹{{,1{¹ssieeet
672 1839 740 1891 (ut
773 1838 934 1890 credo)
980 1841 1115 1878 erant
1150 1837 1197 1878 in
1228 1838 1376 1878 Paulo
1415 1836 1734 1878 excellencius
1772 1851 1910 1891 quam

335 1889 395 1943 {fid
416 1889 559 1951 power)g
589 1908 636 1948 in
656 1907 815 1949 Petro.
849 1906 964 1948 Cum
996 1907 1119 1947 enim
1148 1906 1342 1961 impium
1372 1906 1561 1948 videtur
1593 1907 1693 1947 sine
1723 1907 1909 1948 racione

342 1959 413 1978 even
438 1952 532 1978 better

342 1986 414 2012 than
435 1986 531 2013 Peter.

589 1990 770 2031 ponere
813 1977 861 2017 in
903 1977 1048 2017 Petro
1095 1977 1247 2017 ocium
1301 1982 1350 2017 et
1398 1977 1652 2030 potestatis
1703 1978 1910 2028 abusum,

590 2047 765 2087 Paulus
797 2052 952 2087 autem
975 2060 1037 2087 ex
1057 2046 1150 2086 fide
1175 2046 1409 2100 scripture
1432 2046 1582 2100 prima
1605 2046 1705 2087 Cor.
1727 2045 1838 2098 XV,
1860 2059 1909 2087 10
1925 2052 1965 2084 25

583 2118 693 2170 plus
748 2118 959 2158 omnibus
1018 2115 1253 2170 laboravit,
1321 2117 1510 2157 videtur
1566 2118 1695 2170 quod
1747 2116 1910 2157 habuit

591 2186 788 2240 amplius
819 2186 1092 2240 potestati53
1136 2187 1380 2240 laboravit,
1423 2187 1623 2240 inquam,
1668 2186 1908 2240 evangeli-

589 2257 752 2307 zando,
796 2256 1048 2297 scribendo
1095 2262 1143 2297 et
1187 2256 1558 2310 persecuciones
1604 2256 1800 2310 amplius
1831 2270 1908 2311 pa-

591 2325 774 2379 ciendo,
809 2332 858 2367 et
891 2326 1035 2367 clavis
1067 2326 1322 2379 potestatis
1354 2326 1596 2379 regiminis
1630 2340 1768 2380 quam
1800 2326 1907 2367 dici-

589 2409 691 2436 mus
730 2396 1059 2436 auctoritatem
1105 2396 1406 2449 singulariter
1448 2396 1594 2437 Petro
1634 2401 1908 2449 competere
1924 2399 1965 2432 30

588 2478 685 2505 non
716 2464 947 2508 fundatur.
977 2465 1200 2506 Potestas
1234 2465 1357 2506 enim
1389 2466 1448 2506 ad
1474 2465 1736 2518 regendum
1760 2465 1906 2505 eccle-

660 2631 687 2659 7.
708 2625 737 2651 A
757 2624 787 2651 in
809 2631 924 2659 marg:
950 2623 999 2652 Ad
1016 2627 1052 2657 2;
1085 2623 1106 2650 Β
1133 2624 1164 2651 in
1191 2632 1306 2659 marg:
1332 2624 1382 2652 Ad
1402 2625 1568 2652 secundum
1593 2625 1624 2652 in
1650 2625 1783 2653 secundo
1809 2632 1907 2661 argu-

588 2672 697 2698 mento.
774 2678 816 2698 10.
846 2671 876 2698 A
904 2671 935 2697 in
965 2678 1079 2705 marg:
1110 2669 1159 2698 Ad
1183 2672 1201 2696 2
1228 2670 1258 2698 in
1284 2669 1418 2698 secundo
1444 2674 1641 2706 argumento.
1722 2679 1764 2706 19.
1792 2671 1846 2698 ΑΒ
1874 2670 1906 2698 in

590 2724 704 2751 marg:
736 2715 844 2744 claves
867 2720 1007 2752 potestas
1035 2719 1065 2744 et
1090 2717 1225 2745 sciencia
1254 2717 1298 2744 ad
1324 2716 1530 2752 edificandum
1556 2717 1737 2750 ecclesiam‚·
1764 2718 1804 2745 ib.
1826 2719 1855 2744 A
1875 2717 1905 2744 in

590 2769 706 2796 marg:
730 2761 836 2790 Claves
855 2762 964 2790 Petrus
987 2763 1102 2798 recepit
1126 2771 1187 2790 non
1205 2763 1412 2799 singulariter
1435 2771 1494 2798 pro
1512 2771 1544 2790 se
1563 2764 1619 2791 sed
1635 2763 1830 2800 generaliter
1846 2771 1906 2798 pro

589 2808 727 2836 ecclesia.
802 2808 850 2837 25.
873 2809 926 2837 AB
946 2809 977 2837 in
998 2817 1112 2845 marg:
1134 2809 1251 2837 Paulus
1269 2809 1378 2837 habuit
1397 2809 1527 2845 amplius
1542 2811 1720 2845 potestatis.
1846 2801 1849 2805 ’

666 2902 693 2925 1.
717 2892 782 2923 Ubi
809 2902 924 2934 supra.
1018 2903 1050 2936 9.
1076 2893 1167 2925 Psal.
1192 2893 1222 2924 X
1249 2894 1331 2934 (sec.
1358 2893 1476 2935 Hebr.)
1505 2903 1534 2926 2.
