2078 3338
268 278 322 315 44

275 736 480 770 Explanation
501 736 536 763 of

299 772 349 798 tlte
369 770 508 806 ‘sifting⁷.

990 273 1213 306 JOHANNJS
1240 273 1425 305 WYCLIF
1679 260 1790 318 [CAP.
1818 272 1871 301 111.

560 384 765 420 attenter
826 391 978 432 penes
1042 378 1350 418 maioritatem
1406 376 1530 417 mitis
1590 382 1638 417 et
1686 378 1871 419 humilis

559 447 802 489 ministerii
843 446 1045 488 vertitur
1088 449 1286 488 verbum
1332 447 1389 486 ad
1421 444 1699 500 Symonem:
1750 447 1873 498 Ecce,

558 517 721 571 inquit,
765 518 986 558 sathanas
1028 518 1232 571 expetivit
1268 529 1358 568 vos,
1402 520 1449 556 ut
1494 517 1718 557 cribraret
1758 518 1875 558 sicut

558 589 775 636 triticum,
809 596 888 640 ego
921 591 1072 628 autem
1104 588 1266 640 rogavi
1291 599 1381 639 pro
1412 590 1465 639 te,
1497 590 1544 626 ut
1574 599 1662 627 nort
1695 587 1875 638 deficiat

557 658 683 710 fides
733 660 825 707 tua,
878 661 916 697 et
962 660 1009 697 tu
1060 658 1308 709 aliquando
1359 669 1599 697 conversus
1649 656 1907 707 conflrma5

558 727 744 779 fratres
785 731 896 768 tuos.
947 727 1073 767 Ecce
1104 731 1218 780 post
1253 726 1522 779 generalem
1550 727 1555 778 Ι
1583 725 1874 766 solucionem
1918 736 1994 775 171c

558 797 682 837 facta
726 802 799 837 est
840 796 1133 850 particularis
1166 794 1427 850 applicacio
1465 795 1785 848 preminencie
1817 796 1875 836 ad

557 866 766 916 Petrum,
819 879 921 906 cum
971 879 1068 905 non
1120 865 1254 906 aliter
1303 863 1600 918 pertinenter
1652 864 1877 918 magister

561 935 767 989 optimus
812 934 1056 975 decideret
1100 933 1399 988 questionem
1441 934 1651 974 sedando
1695 934 1877 987 brigam

562 1011 609 1045 et
639 1004 918 1045 instruendo
953 1017 1035 1044 eos
1067 1003 1115 1044 in
1144 1002 1323 1059 regulis
1354 1002 1598 1058 religionis
1631 1016 1728 1055 sue,
1761 1016 1876 1056 quas
1897 1021 1935 1042 10

559 1074 606 1115 in
660 1079 909 1127 posterum
960 1075 1356 1118 observaverunt3
1419 1072 1544 1112 unde
1604 1072 1875 1126 relinquens

562 1144 831 1197 exemplum
875 1142 986 1194 suis,
1038 1156 1098 1182 ne
1143 1141 1421 1195 superbiant
1472 1141 1530 1181 de
1575 1142 1878 1195 prepositura

561 1212 893 1264 ecclesiastica,
913 1212 999 1252 sed
1019 1211 1187 1265 pocius
1210 1210 1404 1251 timeant
1424 1216 1623 1263 propter
1644 1224 1877 1251 annexum

559 1282 833 1337 periculum,
866 1283 953 1322 sub
984 1282 1189 1335 quodam
1210 1279 1442 1321 velamine
1464 1279 1736 1321 includente
1758 1281 1876 1334 peri-

561 1353 715 1393 culum
760 1351 1040 1392 adiutorium
1085 1356 1225 1404 atque
1259 1349 1463 1390 officium
1499 1349 1703 1391 insinuat
1732 1351 1876 1391 Petro
1898 1357 1934 1390 15

559 1422 818 1476 primatum.
868 1421 963 1461 Per
1003 1420 1205 1461 cribrum
1246 1419 1518 1472 intelligunt
1563 1421 1786 1461 doctores
1820 1421 1878 1460 ad

561 1505 752 1532 sensum
809 1490 1041 1531 misticum
1096 1495 1308 1530 naturam
1356 1489 1534 1542 lapsam
1591 1503 1878 1543 corpoream.

560 1562 672 1615 Ipsa
706 1560 826 1601 enim
859 1566 933 1601 est
955 1559 1089 1613 quasi
1112 1558 1315 1600 caminus
1337 1558 1682 1612 temptacionis‚
1714 1558 1762 1599 in
1789 1572 1881 1612 qua

562 1630 753 1685 spiritus
773 1631 1001 1670 humanus
1024 1628 1270 1679 colliditur,
1290 1628 1412 1669 sicut
1432 1628 1479 1669 in
1503 1628 1654 1669 cribro
1675 1628 1880 1669 triticum

560 1700 829 1741 ventilatur.
884 1698 1099 1740 Curvitas
1145 1697 1261 1752 ligni
1303 1698 1461 1752 signat
1510 1697 1880 1738 declinacionem
1897 1715 1938 1736 20

560 1769 761 1811 hominis
826 1782 851 1809 a
906 1767 1190 1808 rectitudine
1254 1767 1492 1821 originalis
1552 1767 1737 1808 iusticie
1794 1780 1882 1820 per

562 1844 826 1894 peccatum.
878 1837 1062 1890 Tegule
1096 1836 1222 1878 dicto
1254 1837 1385 1891 ligno
1423 1836 1568 1877 infixe
1609 1851 1701 1890 que
1733 1850 1784 1877 se
1816 1836 1880 1877 in-

563 1913 803 1950 tersecant
846 1921 908 1948 ex
961 1908 1164 1948 adverso
1215 1912 1324 1947 sunt
1360 1906 1579 1947 versucie
1624 1906 1798 1947 diaboli
1837 1912 1884 1948 et

564 1978 690 2019 fraus
733 1976 906 2029 mundi,
952 1976 1123 2030 quibus
1156 1975 1447 2017 sensualitati
1488 1976 1644 2016 infixis
1688 1975 1882 2029 spiritus

563 2047 961 2102 temptacionibus
983 2046 1263 2100 periculosis
1287 2046 1566 2097 concutitur,
1599 2051 1647 2087 et
1670 2059 1726 2086 eo
1750 2045 1882 2087 timo·
1899 2052 1938 2085 25

563 2117 717 2158 rosius
751 2130 846 2170 quo
879 2117 1054 2170 gradus
1085 2116 1391 2170 prepositure
1436 2122 1511 2157 est
1555 2116 1717 2167 alcior3
1763 2116 1882 2156 fora—

565 2188 691 2228 mina
721 2200 837 2228 vero
883 2186 1080 2241 spatulis
1122 2186 1390 2240 intercepta
1432 2192 1542 2227 sunt
1583 2199 1761 2240 genera
1791 2186 1882 2226 vir-

566 2263 731 2306 tutum,
794 2255 965 2310 quibus
1027 2261 1285 2309 temptatus
1348 2255 1598 2309 cognoscit
1650 2254 1885 2295 humiliter

566 2326 711 2368 vitam
750 2338 880 2366 suam
920 2338 1027 2365 esse
1068 2330 1263 2366 ventum
1294 2330 1376 2365 aut
1405 2338 1619 2366 vacuum.
1648 2323 1740 2364 Per
1769 2324 1884 2365 istas

569 2395 803 2449 siquidem
833 2394 973 2434 rimas
1004 2399 1138 2447 patet
1170 2393 1388 2447 temptati
1431 2393 1791 2446 subterfugium,
1834 2398 1886 2433 ut
1901 2400 1944 2433 30

571 2479 632 2506 ex
676 2464 833 2518 gracia
877 2469 925 2505 et
967 2463 1224 2517 gravedine
1255 2463 1526 2504 humilitatis
1560 2463 1729 2503 evadat
1761 2462 1885 2502 colli-

570 2534 716 2575 sionis
746 2532 931 2574 hostilis
961 2533 1236 2587 periculum,
1276 2532 1316 2573 si
1346 2532 1486 2573 fuerit
1515 2533 1808 2573 horreandus
1839 2531 1886 2571 in

569 2610 695 2645 terra
725 2603 1006 2656 vivencium,
1040 2602 1149 2656 quia
1181 2602 1314 2643 aliter
1344 2607 1516 2643 ventus
1549 2600 1772 2655 superbie
1807 2615 1883 2641 ex-

643 2763 687 2792 16.
708 2762 731 2790 B
757 2763 788 2791 in
813 2770 928 2798 marg:
956 2762 1023 2790 Per·
1041 2762 1176 2790 cribrum
1201 2762 1407 2800 intelligitur,·
1432 2765 1476 2791 A:
1507 2762 1649 2791 Cribrum
1674 2761 1792 2789 mistice
1815 2761 1890 2797 quid

571 2809 706 2846 signet?
777 2808 826 2837 30.
848 2809 885 2836 B:
907 2808 1026 2836 ruinas.

647 2902 676 2924 2.
704 2892 820 2925 Lucae
843 2892 945 2933 XXII,
974 2892 1120 2925 31—32.
