2078 3338
233 284 285 322 68
955 287 1178 320 JOHANle
1203 287 1390 319 WYCLIF
1644 273 1751 330 [cim.
1780 282 1832 310 1v.

522 396 659 437 ticam
702 394 896 434 formam
941 391 1149 445 eligendi
1185 404 1279 431 non
1311 404 1565 445 possumus
1605 389 1834 443 cogitare;

523 471 571 507 et
603 464 819 505 obiectus
853 475 974 515 eque
1007 466 1256 502 moverent
1289 466 1450 501 contra
1481 460 1738 513 apostolos.
1776 459 1838 499 Et

521 536 690 575 iterum
720 532 908 572 videtur
953 532 1080 584 quod
1124 544 1220 571 non
1250 531 1357 584 plus
1389 530 1436 570 in
1480 530 1572 570 isto
1618 542 1755 582 quam
1791 528 1839 568 in

522 605 610 645 illis
644 616 735 656 que
768 607 939 642 sonant
983 601 1280 641 commodum
1313 606 1362 640 et
1403 601 1633 640 honorem
1670 599 1784 639 licet
1816 611 1841 638 a

521 674 614 715 ritu
657 672 980 726 apostolorum
1013 671 1253 717 recedere,
1299 670 1407 723 quia
1441 669 1507 709 sic
1545 668 1872 722 pertinenter5

522 745 846 796 imponeretur
876 741 1014 781 nobis
1048 741 1177 793 quod
1224 741 1501 780 deserentes
1529 739 1670 779 fidem
1693 738 1838 791 scrip-

523 820 628 854 ture
663 811 940 864 exequimur
971 810 1223 850 infideliter
1254 809 1372 849 ritus
1405 807 1662 862 gentilium.

279 892 362 941 Fons
382 899 467 942 xxjaff
585 882 819 935 Quantum
853 881 910 920 ad
941 880 1076 920 istam
1100 880 1337 920 materiam
1361 877 1528 918 diffuse
1550 883 1720 918 tractat
1743 890 1842 917 eam

288 927 462 1006 otltliogtcf'.
527 952 742 993 dominus
776 951 1100 990 Ardmacanus
1132 949 1251 989 libro
1280 948 1375 989 VII
1406 948 1482 987 De
1515 947 1842 1000 questionibus

262 997 485 1067 aissplgiriiiiifgnsr-
526 1023 852 1071 Armenorum‚
898 1019 1100 1059 recitans
1147 1024 1348 1072 quatuor
1384 1017 1484 1057 vias
1526 1015 1901 1057 constituendim

256 1066 490 1134 Βέιὲἓζξξῑιεξξὲγ
526 1089 796 1145 pontifices:
842 1103 932 1129 una
963 1089 1038 1129 via
1071 1095 1143 1129 est
1174 1102 1261 1142 per
1293 1093 1482 1137 sortem,
1532 1087 1740 1127 secunda
1770 1085 1845 1126 via

253 1145 282 1170 4'
304 1135 440 1198 ξίεεῗέἳῖ]
462 1143 495 1162 as
526 1175 615 1214 per
648 1159 864 1213 episcopi
895 1158 1258 1208 institucionem,
1302 1157 1450 1197 tercia
1481 1156 1556 1196 via
1594 1170 1680 1210 per
1709 1157 1844 1195 here-

290 1204 453 1240 pracused.
528 1230 737 1272 ditariam
782 1228 1135 1269 successionem
1180 1233 1228 1268 et
1271 1232 1435 1281 quarta
1478 1227 1554 1267 via
1597 1239 1683 1279 per
1727 1226 1842 1265 elec-

529 1301 733 1348 cionem3
788 1299 917 1352 quod
969 1298 1174 1339 variatur
1215 1298 1472 1338 secundum
1522 1295 1846 1337 diversitatem

528 1370 701 1411 variam
740 1366 1042 1422 electorum.1
1077 1367 1179 1408 Nec
1218 1373 1379 1407 movet
1416 1366 1592 1419 triplex
1630 1365 1846 1406 obiectus
1889 1378 1950 1410 ¹77

527 1440 662 1481 istius
685 1438 892 1479 materie.
924 1438 1084 1478 Primo
1110 1438 1237 1492 quod
1267 1437 1333 1477 sic
1366 1441 1679 1489 temptaretur
1700 1436 1846 1486 Deus,

530 1511 569 1551 si
600 1523 696 1550 non
726 1508 1009 1549 habentibus
1056 1508 1113 1548 ad
1156 1508 1245 1547 hec
1291 1506 1642 1547 revelacionem
1683 1504 1851 1545 liceret

530 1585 684 1621 sortes
716 1578 918 1630 mittere,
959 1577 1067 1631 quia
1096 1577 1190 1618 ista
1221 1581 1496 1630 argumenta
1530 1574 1850 1628 procederent

533 1655 695 1690 contra
745 1648 919 1688 factum
978 1647 1299 1701 apostolorum
1353 1651 1400 1686 et
1460 1650 1622 1685 contra
1674 1650 1849 1684 sortem

531 1718 708 1759 veteris
746 1717 1030 1758 testamenti.
1083 1717 1185 1757 Nec
1226 1721 1297 1756 est
1328 1715 1422 1756 Dei
1453 1713 1724 1768 temptacio,
1769 1711 1850 1753 ubi
1868 1726 1908 1747 20

532 1790 735 1829 devotus
759 1787 850 1827 Dei
874 1792 1029 1827 orator
1061 1786 1249 1839 ignorat
1281 1785 1392 1838 quid
1422 1784 1482 1825 sit
1502 1783 1596 1824 Dei
1617 1782 1848 1823 voluntati

530 1858 832 1903 conformius;
869 1856 1017 1910 qualis
1047 1856 1320 1910 ignorancia
1353 1854 1661 1895 communiter
1693 1858 1765 1893 est
1797 1852 1844 1892 in

530 1927 828 1970 electoribus

248 2008 275 2036 It
295 2016 364 2043 may
385 2007 420 2034 be
440 2006 505 2033 well
588 1998 837 2040 Secundus
862 1997 1078 2037 obiectus
1104 2000 1176 2036 est
1199 1996 1326 2048 quod
1361 1994 1567 2048 apostoli
1600 1994 1851 2046 elegerunt

241 2049 271 2070 ιο
293 2044 383 2069 select
402 2046 433 2068 to
455 2041 506 2068 the

278 2077 474 2146 [ἷῧέτῃὲιξιὲὲιίτ
532 2069 650 2109 duos
696 2067 879 2108 scilicet
922 2067 1181 2106 Barsabam
1230 2071 1277 2106 et
1321 2064 1554 2115 Mathiam,
1606 2063 1714 2103 ideo
1761 2075 1851 2102 nos
1871 2065 1910 2098 25

342 2132 358 2147 D

242 2147 319 2209 &Sd
338 2147 515 2208 {gegidcatiie
532 2139 761 2178 debemus
796 2136 984 2190 operari
1018 2134 1335 2176 conformiter.
1380 2133 1615 2186 Quantum
1648 2132 1707 2171 ad
1739 2131 1854 2171 illud

305 2205 450 2251 {wostles-
532 2221 628 2247 non
662 2207 899 2246 contendo
949 2205 987 2245 si
1020 2205 1235 2245 ordinare
1267 2203 1613 2244 multitudinem
1645 2207 1696 2241 ut
1719 2201 1853 2241 Deus

535 2278 594 2317 de
630 2276 706 2316 illa
764 2275 1026 2329 digniorem
1080 2274 1224 2327 eligat
1272 2278 1473 2313 vocetur
1524 2270 1716 2322 eleccio,
1769 2271 1855 2310 sed

539 2346 771 2399 scriptura
809 2345 875 2385 sic
912 2344 1137 2397 loquitur:
1172 2342 1441 2383 Statuemmt
1471 2342 1585 2382 dnos
1617 2345 1705 2381 etc.
1758 2337 1856 2380 Sed

534 2429 656 2469 rogo
702 2415 768 2455 sic
812 2419 1089 2467 arguentem
1148 2417 1200 2452 ut
1244 2410 1518 2452 consenciat
1554 2410 1683 2463 quod
1727 2414 1853 2449 utro·
1872 2414 1913 2447 30

534 2485 681 2538 bique
724 2484 808 2524 fiat
853 2482 1157 2523 conformiter
1194 2481 1284 2521 nisi
1315 2480 1468 2521 subsit
1504 2479 1629 2519 racio
1664 2477 1854 2518 diversi-

535 2554 662 2599 tatis;
710 2558 916 2593 statuant
957 2552 1101 2604 igitur
1145 2551 1203 2591 de
1246 2549 1583 2599 humilioribus,
1629 2552 1854 2601 quantum

538 2624 673 2664 adest
702 2623 793 2663 illis
817 2621 1065 2672 certitudo,
1101 2626 1148 2661 et
1171 2620 1230 2660 de
1252 2620 1435 2660 incerto
1456 2617 1647 2659 residuo
1669 2616 1856 2657 mittant

537 2698 727 2734 sortem.

608 2829 636 2857 8.
657 2830 685 2856 A
705 2829 736 2856 in
758 2836 872 2863 marg:
894 2827 1015 2855 Eleccio
1033 2825 1189 2862 pontificis
1209 2829 1344 2862 quatuor
1362 2825 1479 2858 modis;
1508 2825 1546 2852 B:
1570 2823 1714 2859 Quatuor
1732 2823 1780 2850 vie
1800 2823 1854 2850 eli-

536 2876 635 2912 gendi
649 2874 821 2910 pontifices,
899 2874 942 2902 16.
963 2874 1035 2901 Ain
1051 2881 1165 2909 marg:
1189 2881 1212 2900 1.
1288 2881 1335 2907 24.
1349 2873 1377 2899 A
1392 2872 1421 2899 in
1438 2879 1552 2906 marg.:
1573 2877 1602 2898 2.
1677 2869 1727 2904 25,
1745 2870 1793 2898 26.
1809 2870 1854 2897 A:

540 2929 596 2949 nos
615 2921 756 2949 dehemus
778 2928 844 2948 nos.
