2078 3338
272 264 353 312 326
995 272 1219 304 JOHANN1s
1245 271 1431 303 WYCLIF
1667 261 1777 314 [CAP.
1804 271 1870 299 ΧΠ.

560 377 646 417 Dei
676 377 839 430 sedeat,
872 380 1106 429 tamquam
1139 378 1236 429 ipse
1273 377 1330 417 sit
1367 377 1584 429 templum
1622 376 1720 425 Dei,
1757 379 1875 429 quod

561 449 624 486 est
645 446 838 486 ecclesia.
862 444 987 486 Sicut
1008 447 1205 486 dicimus
1218 445 1406 486 Petrum
1427 447 1579 486 sedere
1601 446 1647 486 in
1671 447 1874 487 amicum

561 515 611 554 id
643 517 705 555 est
735 516 851 555 velut
883 515 1071 555 amicas.

622 583 842 625 Secundo
886 597 1003 624 vero
1050 584 1249 637 exponit
1297 584 1570 637 sequencia:
1625 583 1713 626 Sed
1761 596 1876 625 nanc

563 654 671 705 qaid
702 654 895 694 detineat
924 654 1061 706 scitis,
1107 666 1166 692 ne
1200 653 1349 693 adhuc
1380 653 1540 693 veniat
1569 653 1647 694 ille
1679 661 1910 707 magnus5

563 722 895 772 Antichristus,
937 722 1045 776 quia
1077 727 1268 775 oportet
1300 722 1546 763 ecclesiam
1576 736 1739 776 parum
1770 737 1877 776 pro-

563 792 747 832 fundari
778 791 825 831 in
846 792 953 844 fide,
984 805 1073 832 nec
1107 792 1164 831 ad
1186 805 1409 832 coronam
1438 792 1536 832 eius
1559 792 1878 833 Antichristus

564 862 804 901 reveletur
846 861 893 901 in
931 875 1016 901 suo
1049 866 1278 914 tempore.
1331 861 1433 902 Iam
1467 862 1588 902 enim
1622 863 1879 903 misterium

565 932 817 983 iniquitatis
867 935 1083 983 operatur
1125 930 1443 971 Antichristus
1493 931 1635 971 tacite
1685 931 1732 971 in
1785 931 1880 972 suis

565 1000 800 1047 membris,
824 1006 876 1041 ut
898 1000 1011 1041 dicit
1033 1000 1338 1053 evangelista,
1362 1006 1413 1041 ut
1434 1000 1586 1041 fidelis
1604 1000 1880 1041 christianus
1901 1018 1940 1039 10

565 1070 743 1109 habens
793 1069 964 1110 iudicia
1016 1069 1086 1110 sui
1139 1069 1391 1123 exercitus,
1446 1069 1523 1123 qui
1567 1075 1699 1111 tenet
1740 1070 1882 1111 fidem

569 1138 783 1189 ecclesie,
836 1153 961 1180 nunc
1012 1144 1173 1179 teneat
1204 1139 1251 1179 in
1282 1138 1514 1193 principio
1555 1139 1677 1180 illam
1728 1140 1881 1191 fidem,

569 1209 723 1249 donec
744 1208 824 1249 fiat
844 1208 1080 1249 revelacio
1107 1209 1164 1249 de
1188 1209 1342 1249 medio
1367 1222 1451 1249 sue
1464 1209 1884 1251 malicie.Victoria

570 1278 691 1318 enim
741 1278 788 1318 in
838 1278 952 1319 belli
1001 1278 1141 1319 inicio
1195 1279 1444 1319 confundit
1496 1278 1791 1320 adversarios
1837 1284 1885 1320 et

571 1348 738 1388 animat
779 1353 1129 1402 expugnantes3
1175 1348 1222 1388 in
1254 1348 1409 1389 medio
1456 1348 1576 1389 enirn
1619 1348 1741 1389 illius
1775 1355 1941 1389 con-15

571 1417 853 1458 certacionis
885 1417 1046 1458 veniet
1082 1431 1202 1458 unus
1237 1417 1450 1471 capitalis
1488 1417 1733 1473 malignus,
1776 1418 1887 1459 licet

571 1493 685 1541 post
729 1493 776 1527 et
819 1492 955 1527 antea
999 1492 1136 1527 erunt
1166 1488 1273 1527 mali
1306 1487 1451 1528 eciam
1490 1501 1641 1541 usque
1675 1488 1732 1528 ad
1764 1487 1886 1528 diem

569 1557 741 1606 iudicii,
785 1562 837 1597 ut
880 1562 1015 1609 patet
1044 1556 1215 1596 Daniel
1246 1556 1334 1599 IX.
1386 1557 1526 1597 Unde
1565 1557 1675 1611 quia
1719 1570 1887 1597 sensus

572 1626 797 1680 Apostoli
820 1631 893 1666 est
907 1626 1103 1666 multum
1127 1626 1445 1677 absconditus,
1478 1640 1572 1667 non
1589 1627 1890 1668 confunditur

570 1700 661 1737 iste
694 1702 883 1737 sanctus
914 1696 1093 1736 dicere:
1126 1696 1221 1749 Ego
1237 1709 1436 1750 prorsus
1457 1697 1567 1749 qaid
1596 1698 1758 1738 dixerit
1786 1694 1790 1753 Ι
1818 1710 1890 1739 me
1930 1705 2012 1742 242e

572 1767 730 1819 fateor
753 1767 979 1819 ignorare.
1013 1765 1073 1806 Et
1102 1765 1346 1806 recitando
1378 1771 1476 1807 tres
1504 1766 1753 1820 opiniones
1778 1766 1891 1808 dicit

572 1836 732 1890 prima,
780 1836 909 1888 quod
941 1835 1179 1875 Neronem
1217 1836 1409 1876 vocavit
1439 1837 1705 1889 Apostolus
1749 1837 1890 1878 tacite

573 1904 928 1955 Antichristum,
951 1905 1158 1945 secunda
1180 1919 1317 1958 quam
1331 1905 1629 1958 Augustinus
1645 1908 1890 1960 approbat,

576 1975 688 2015 dicit
729 1976 852 2015 hunc
897 1988 1003 2015 esse
1043 1988 1231 2015 sensum
1264 1975 1497 2029 Apostoli,
1541 1977 1618 2028 qai
1659 1980 1771 2017 tenet
1805 1978 1890 2017 im-

568 2046 768 2099 perium,
802 2048 958 2096 teneat,
990 2039 1128 2085 donec=
1159 2046 1344 2085 tollatur
1375 2046 1428 2085 de
1455 2046 1618 2096 medio,
1652 2046 1759 2099 quia
1779 2051 1892 2100 post
1908 2049 1947 2081 25

577 2114 873 2155 dotacionem
908 2113 1110 2154 ecclesie
1141 2114 1427 2155 revelabitur
1457 2114 1792 2157 Antichristus.
1830 2116 1893 2157 Et

576 2184 723 2225 tercia
756 2183 997 2224 sentencia
1030 2189 1101 2225 est
1133 2184 1411 2237 supradicta.

384 2263 464 2290 How
635 2253 804 2294 Tercio
827 2266 942 2293 vero
966 2253 1284 2307 prosequitur,
1317 2255 1554 2308 quomodo
1574 2254 1893 2296 Antichristus

287 2298 462 2326 Antichrist
482 2298 507 2325 is
527 2301 557 2324 10

347 2333 414 2360 lead
436 2340 506 2371 nyen
581 2324 780 2364 seducet
810 2322 987 2363 virtute
1020 2322 1209 2376 dyaboli
1255 2329 1349 2364 tam
1379 2323 1426 2363 in
1460 2336 1599 2364 causa
1631 2325 1893 2378 temporali,

321 2372 526 2441 tnesssssssssY-affis
583 2407 719 2446 quam
751 2392 993 2446 spirituali,
1025 2392 1070 2432 in
1106 2406 1197 2445 qua
1226 2393 1482 2446 pretendet
1514 2406 1564 2433 se
1595 2394 1770 2434 habere
1803 2395 1951 2434 vir-30

318 2438 537 2510 ᾆῖᾏῑῗῖῑιὲηρυᾶἑ.
580 2468 730 2503 tutem
760 2462 807 2502 in
839 2461 985 2515 signis
1020 2467 1066 2502 et
1092 2462 1320 2515 prodigiis
1343 2462 1660 2513 mendacibus,
1692 2477 1779 2516 per
1801 2477 1893 2517 que

323 2506 533 2542 mdulgences,
583 2531 769 2585 quidam
789 2531 1060 2584 intelligunt
1080 2532 1232 2572 bullas
1256 2538 1395 2585 atque
1418 2532 1644 2586 epistolas
1668 2534 1726 2573 de
1748 2533 1893 2587 pleni-

581 2601 745 2641 tudine
787 2601 1042 2654 potestatis
1086 2601 1282 2655 papalis,
1325 2602 1490 2655 plenas
1533 2602 1793 2654 mendacio,
1845 2609 1896 2644 ut

581 2670 825 2711 verificant
883 2670 941 2710 de
999 2670 1313 2725 indulgenciis
1372 2677 1419 2712 et
1473 2671 1776 2725 prefeccione
1827 2672 1894 2713 in-

581 2739 815 2791 habilium,
849 2753 970 2793 quos
1001 2740 1298 2781 menciuntur
1328 2754 1414 2794 per
1446 2754 1529 2781 eos
1564 2755 1668 2782 esse
1699 2741 1950 2793 habiles,35

655 2909 697 2935 17.
720 2900 758 2928 B:
778 2900 874 2927 eciam
894 2900 987 2928 deest.
1062 2908 1108 2934 24.
1132 2899 1170 2927 B:
1192 2900 1405 2935 apostolicum.
