2078 3338
228 284 316 311 CAP.
338 272 406 329 xi]
623 285 681 316 DE
708 283 989 317 POTEsTATE
1015 283 1144 316 PAPE.

225 389 332 430 bilis
377 389 424 430 in
457 389 700 443 scriptura,
746 394 793 428 et
835 402 922 442 per
954 400 1254 441 consequens
1286 401 1424 428 nemo
1459 389 1538 428 ob-

226 465 438 500 servaret
470 459 673 512 aliquem
704 459 894 499 modum
924 459 971 498 in
1005 458 1257 498 serviendo
1290 457 1409 509 Deo,
1453 458 1540 498 sed

224 530 368 581 longe
415 528 688 569 evidencius
721 529 967 569 tolleretur
999 528 1115 570 ordo
1150 526 1429 567 secularium
1462 527 1539 567 do-

223 599 465 651 minorum,
517 598 584 639 sic
617 599 744 651 quod
788 612 881 638 non
925 603 1116 651 oportet
1160 609 1265 636 esse
1318 609 1539 649 cesarem,

192 673 328 708 §cum
371 668 666 709 necessarius
710 668 836 708 foret
892 668 1020 722 quod
1065 671 1193 707 esset
1244 665 1448 718 dignitas
1493 670 1541 705 et

225 738 471 778 distinccio
506 737 744 778 clericalis.
798 738 876 778 Ad
906 738 994 777 hec
1026 736 1171 790 igitur
1202 740 1390 788 oportet
1422 735 1538 775 elec-

225 807 386 848 ciones
431 808 709 860 procedere,
770 807 891 847 sicut
937 807 1115 847 dictant
1156 806 1290 859 leges
1337 810 1385 845 et
1427 818 1539 845 usus

224 877 439 918 ecclesie.
474 876 581 916 Non
603 876 746 930 igitur
768 876 997 930 sequitur:
1033 875 1244 917 Christus
1269 881 1311 916 et
1334 875 1538 929 apostoli

223 946 290 987 sic
324 951 594 1000 sequuntur,
638 959 752 1001 ergo
790 960 886 987 non
916 945 1029 986 licet
1058 945 1197 986 nobis
1230 946 1538 1000 sequentibus

170 1016 377 1057 10facere
423 1015 714 1069 contrarium,
761 1029 864 1056 cum
907 1028 995 1069 pro
1037 1015 1304 1056 variacione
1353 1014 1448 1055 loci
1491 1020 1538 1055 et

221 1085 450 1139 temporis
484 1085 797 1127 diversimode
831 1090 904 1126 est
935 1087 1182 1140 agendum.

281 1155 516 1208 Quantum
561 1156 617 1196 ad
658 1156 772 1196 illud
812 1160 945 1209 patet
989 1155 1116 1209 quod
1156 1161 1229 1196 est
1273 1154 1537 1208 expediens

1747 287 1825 324 293

1610 1162 1754 1188 Answer.

1563 1196 1588 1223 It
1609 1203 1679 1231 may
1700 1196 1738 1223 be
1758 1196 1825 1224 well

224 1225 351 1278 quod
374 1225 434 1265 sit
454 1239 591 1279 papa,
625 1227 712 1266 sed
743 1226 801 1266 ad
833 1225 1184 1279 aggravandum
1213 1224 1536 1265 difficultatem
1551 1235 1581 1258 to
1602 1232 1678 1258 have
1698 1240 1714 1259 a
1735 1239 1814 1266 pope

220 1295 468 1348 loquamur
488 1295 681 1336 limitate
699 1296 756 1336 de
771 1309 896 1349 papa
912 1308 1116 1336 cesareo.
1146 1294 1208 1335 Et
1220 1300 1334 1335 tunc
1348 1294 1537 1334 videtur

168 1364 359 1406 15michi
402 1366 531 1418 quod
575 1365 770 1406 multum
803 1365 952 1406 officit
984 1379 1090 1406 esse
1123 1365 1279 1416 talem,
1322 1369 1374 1405 ut
1404 1369 1537 1417 patet

219 1434 426 1477 inferius.
478 1434 675 1476 Diceret
725 1441 880 1476 autem
930 1435 1117 1489 logicus
1162 1435 1290 1488 quod
1340 1433 1538 1487 quilibet

221 1506 466 1558 apostolus
483 1511 530 1546 et
545 1505 742 1559 quilibet
759 1505 983 1545 sacerdos
999 1505 1323 1558 apostolorum
1337 1503 1536 1545 vicarius

218 1574 363 1615 habet
415 1575 463 1616 in
517 1575 669 1628 gradu
725 1588 811 1615 suo
862 1574 1204 1628 plenitudinem
1269 1573 1535 1627 potestatis.

219 1642 313 1685 Sed
347 1645 602 1685 decretiste
635 1644 855 1685 videntur
881 1643 1150 1698 intelligere
1182 1646 1310 1698 quod
1340 1644 1537 1698 quilibet

163 1733 203 1753 20
218 1728 341 1768 papa
361 1715 506 1755 habet
536 1714 582 1754 in
603 1714 832 1755 infinitum
854 1713 1075 1754 maiorem
1097 1718 1387 1767 potestatem
1404 1713 1536 1754 iuris-

220 1783 416 1824 dicionis
461 1784 563 1825 sive
606 1784 847 1837 regiminis
892 1798 1028 1838 quam
1073 1783 1237 1837 aliquis
1283 1783 1396 1824 alius
1442 1783 1534 1837 epi-

218 1868 393 1908 scopus
426 1867 521 1894 non
550 1855 812 1905 Romanus,
849 1855 955 1908 quia
989 1855 1058 1907 (ut
1089 1867 1204 1907 sepe
1237 1853 1411 1893 dictum
1446 1853 1534 1905 est)

219 1937 323 1964 cum
356 1924 416 1965 sit
446 1924 736 1965 infundabile
774 1924 1066 1965 mendacium
1111 1923 1158 1963 in
1189 1923 1382 1964 materia
1423 1922 1535 1962 fidei

218 2000 291 2035 est
340 1994 475 2034 nimis
518 1994 788 2036 hereticum.
840 1994 1011 2035 Petrus
1058 1993 1179 2033 enim
1228 2006 1321 2033 non
1369 1991 1534 2033 habuit

92 2068 172 2109 234b
215 2069 393 2104 tantum
417 2068 494 2104 aut
514 2064 655 2104 talem
671 2077 921 2104 excessum
940 2076 1087 2117 super
1114 2061 1119 2118 Ι
1149 2062 1265 2103 alios
1289 2063 1530 2116 apostolos

216 2133 307 2173 sibi
340 2133 606 2187 consocios;
649 2147 738 2174 nec
781 2133 1077 2187 imperatoris
1122 2139 1195 2173 est
1232 2134 1366 2173 talem
1396 2137 1530 2185 pote-

215 2208 384 2244 statem
407 2204 684 2245 concedere.
710 2203 960 2256 Quomodo
983 2202 1129 2256 igitur
1150 2202 1273 2243 foret
1294 2201 1407 2242 utile
1439 2202 1530 2241 tale

214 2273 417 2313 mendax
465 2278 514 2313 et
555 2278 906 2313 monstruosum
938 2272 1130 2325 ydolum
1178 2272 1344 2311 ducem
1376 2270 1529 2312 tocius

215 2342 426 2396 corporis
456 2342 627 2384 Christi
657 2343 866 2396 fingere?
899 2342 1002 2382 Nec
1033 2340 1213 2395 periret
1245 2354 1306 2381 ex
1339 2341 1530 2381 defectu

158 2419 200 2451 ΞΟ
213 2412 318 2454 talis
350 2412 547 2454 monstri
579 2412 693 2452 ordo
728 2411 995 2464 confitendi,
1030 2411 1146 2451 ordo
1179 2410 1419 2465 regiminis
1451 2410 1529 2450 vel

214 2483 404 2524 alterius
454 2482 569 2523 boni
613 2482 828 2533 ecclesie,
881 2481 988 2535 quia
1039 2473 1160 2522 sicut
1207 2481 1253 2521 in
1296 2479 1529 2534 primitiva

214 2552 414 2592 ecclesia
454 2552 761 2605 regulabatur
810 2551 911 2591 sine
961 2552 1040 2592 tali
1083 2550 1400 2604 graduacione
1445 2550 1527 2590 do-

211 2621 339 2662 minii
380 2621 427 2661 in
472 2621 598 2661 clero
645 2634 706 2661 ex
751 2621 982 2662 communi
1021 2621 1321 2661 sacerdotum
1354 2619 1525 2665 officio,

214 2691 293 2744 qui
326 2703 488 2731 omnes
523 2696 654 2731 erant
681 2690 908 2744 episcopi,
942 2691 1067 2743 quod
1101 2690 1420 2743 exemplatum
1453 2694 1527 2729 est

283 2872 325 2901 13.
353 2873 462 2906 ss:J1·t.
548 2880 596 2907 29.
625 2872 724 2900 Codd.
750 2873 780 2900 in
808 2880 922 2908 marg-z
955 2872 1042 2900 Ordo
1072 2872 1199 2899 ecclesie
1226 2880 1288 2899 non
1314 2872 1437 2906 periret
1464 2879 1524 2899 non

210 2920 359 2946 existente
377 2925 502 2947 cesareo
518 2927 613 2954 papa.

1552 1266 1604 1295 but
1622 1272 1675 1295 not
1695 1268 1771 1295 such
1785 1277 1817 1297 as

1579 1311 1626 1330 we
1646 1303 1793 1331 moderns

1643 1339 1730 1366 have.

1564 2011 1651 2039 Peter
1671 2011 1802 2040 claimed

1606 2055 1646 2074 no
1667 2049 1744 2074 such

1558 2082 1715 2117 authority
1735 2090 1809 2111 over

1564 2116 1612 2144 his
1631 2116 1798 2145 followers⁴

1562 2358 1647 2395 Why
1668 2361 1793 2394 pretend

1614 2397 1678 2421 that
1697 2396 1760 2422 this

1588 2434 1727 2457 monster
1744 2430 1771 2458 is

1579 2464 1631 2491 the
1652 2464 1728 2492 head
1749 2465 1784 2493 of

1561 2498 1693 2527 Christ’s
1714 2499 1805 2536 body„
