2078 3338
290 248 371 298 348
1011 257 1236 289 JOHANle
1262 256 1448 288 WYCLlF
1694 242 1801 300 [CAP.
1826 254 1891 282 xu.

580 374 674 413 sua,
721 374 824 400 cum
869 361 1007 414 signo
1052 362 1112 400 ab
1159 373 1215 400 eo
1265 366 1462 413 accepto
1509 360 1569 400 ad
1602 360 1688 400 rite
1723 361 1893 402 consti-

578 430 802 470 tuendum
856 430 1086 483 prelatum
1136 429 1352 481 ecclesie7
1414 434 1461 469 et
1504 429 1571 470 sic
1613 429 1746 469 foret
1788 444 1891 483 per-

580 499 803 539 sonaliter
846 499 1013 539 Ihesus
1047 499 1271 540 Christus.
1325 497 1532 552 Oportet
1575 498 1697 538 enirn
1740 499 1894 540 Deum

578 568 708 621 prius
755 568 976 622 eligendo
1011 574 1059 608 et
1088 568 1375 609 habilitando
1417 568 1718 615 constituere,
1765 569 1895 610 cuius

580 637 869 678 ordinacioni
901 638 1189 678 concordans
1229 651 1376 691 sagax
1413 637 1771 678 instrumentum
1803 638 1928 679 Dei5

578 712 743 760 potest
775 720 881 748 esse
913 708 1066 747 nudus
1097 708 1427 761 promulgator
1459 706 1615 747 divine
1638 708 1894 759 sentencie,

581 782 627 816 et
658 776 922 829 ignorando
958 777 1164 817 divinam
1197 777 1485 817 sentenciam
1506 778 1742 828 reticeret,
1775 777 1896 818 sicut

579 846 795 886 fecerunt
839 846 1039 899 apostoli
1070 846 1117 886 in
1151 846 1392 886 eleccione
1423 846 1634 888 Matthie.
1686 846 1737 888 Si
1775 847 1895 887 enirn

580 915 887 955 contrariatur
932 915 1088 955 divine
1122 914 1378 966 sentencie,
1426 920 1537 956 tunc
1574 922 1762 969 peccat3
1807 930 1896 957 nec

581 986 727 1026 debet
759 985 848 1026 sibi
879 985 927 1025 in
953 986 1044 1025 hoc
1069 972 1198 1025 credi
1220 998 1307 1025 nec
1336 999 1362 1024 a
1382 984 1601 1025 fidelibus
1626 985 1894 1037 consentiri,
1916 1001 1954 1021 10

580 1054 687 1108 quia
711 1054 843 1095 aliter
864 1060 1033 1107 posset
1053 1068 1178 1108 papa
1202 1067 1307 1094 esse
1324 1067 1427 1094 cum
1442 1054 1532 1094 sibi
1547 1055 1894 1106 adherentibus,

577 1124 697 1165 infra
717 1124 951 1164 modicum
974 1129 1162 1177 tempus
1184 1123 1411 1164 maximus
1431 1123 1764 1175 Antichristus,
1788 1125 1896 1177 quia

578 1193 841 1248 proditorie
882 1199 1044 1234 contra
1078 1193 1310 1234 Christum
1344 1193 1579 1246 dissipans
1620 1207 1735 1235 oves
1768 1207 1892 1240 suas;

577 1265 669 1304 hoc
715 1269 868 1303 autem
917 1269 989 1304 est
1040 1263 1225 1315 signum
1276 1262 1572 1316 potissimum
1605 1263 1895 1305 Antichristi.

579 1333 712 1386 Item,
758 1338 831 1373 est
862 1334 999 1373 valde
1030 1332 1260 1386 possibile
1299 1333 1427 1385 quod
1458 1346 1582 1385 papa
1606 1332 1797 1386 ignoret
1817 1334 1894 1374 vel
1915 1338 1950 1371 15

578 1402 790 1457 negligat
832 1416 1084 1455 personam
1128 1403 1362 1456 ydoneam
1405 1402 1540 1456 gregi
1587 1403 1715 1443 fideli
1764 1408 1893 1456 post-

578 1485 775 1526 ponere,
823 1472 908 1513 sed
951 1472 1087 1512 nimis
1119 1471 1434 1525 periculosum
1467 1477 1515 1512 et
1546 1473 1737 1513 stultum
1770 1472 1895 1513 foret

581 1556 684 1582 cum
727 1542 817 1582 hoc
861 1542 1094 1595 preficere
1137 1542 1369 1595 prelatum
1414 1541 1628 1592 ecclesie,
1674 1541 1817 1595 igitur
1846 1541 1894 1582 in

577 1612 656 1651 illo
692 1610 849 1651 officio
885 1611 1067 1652 adiacet
1088 1624 1212 1664 pape
1234 1624 1453 1664 magnum
1474 1611 1745 1664 periculum.
1780 1610 1895 1652 Cum

576 1681 719 1735 igitur
772 1681 819 1721 in
872 1681 997 1721 omni
1039 1680 1119 1721 tali
1161 1693 1270 1734 pars
1315 1680 1525 1720 securior
1574 1686 1649 1722 est
1691 1681 1895 1721 tenenda
1911 1696 1952 1717 20

578 1751 766 1792 videtur
817 1751 947 1805 quod
998 1750 1209 1792 securius
1260 1756 1308 1791 et
1352 1749 1566 1804 optacius
1615 1750 1741 1791 foret
1781 1750 1896 1791 illud

579 1820 814 1861 dimittere
860 1826 906 1861 et
949 1834 1035 1874 per
1068 1833 1366 1873 consequens
1394 1819 1399 1874 Ι
1427 1833 1552 1873 papa
1584 1825 1808 1873 peccaret
1849 1820 1896 1860 in
1935 1824 2016 1868 247d

580 1890 799 1944 eligendo
815 1896 997 1944 partem
1012 1896 1105 1930 tam
1127 1890 1436 1943 periculosam
1459 1895 1599 1943 atque
1623 1889 1896 1945 ambiguam.

578 1960 696 2000 Nam
746 1960 879 2001 iuxta
927 1961 1084 2015 legem
1134 1972 1257 2013 pape
1308 1959 1355 1999 in
1398 1960 1474 1999 De
1520 1959 1895 2000 Consecracione

580 2029 889 2069 distinccione
904 2030 967 2070 V:
1001 2029 1101 2070 Non
1124 2029 1413 2070 mediocriter
1427 2032 1596 2082 peccat,
1627 2030 1704 2081 qm·
1724 2030 1896 2070 maiori
1911 2035 1951 2067 25

579 2100 688 2140 bono
717 2100 964 2152 postposito
998 2100 1122 2151 eligit
1152 2100 1308 2139 minus
1340 2099 1518 2139 bonum.

340 2178 408 2205 The
430 2178 512 2216 Pope
638 2170 947 2222 Assumptum
991 2174 1125 2222 patet
1166 2168 1215 2208 in
1258 2168 1382 2208 facto
1427 2169 1484 2208 de
1529 2168 1755 2208 distancia
1791 2182 1895 2221 per-

302 2213 551 2282 Ofsseri-sffriffiociiits
579 2251 797 2278 sonarum
860 2238 1214 2292 inexpertarum
1271 2251 1386 2291 quas
1452 2251 1513 2278 ex
1564 2237 1691 2277 nudo
1744 2239 1892 2278 verbo

348 2283 511 2378 ‘vigilis-{ism
578 2307 769 2348 testium
803 2320 964 2347 eorum
994 2320 1110 2360 sepe
1143 2307 1341 2360 preficit,
1374 2312 1421 2347 et
1444 2320 1504 2347 ex
1525 2307 1615 2346 hoc
1640 2308 1769 2360 quod
1789 2307 1893 2360 ipse

355 2356 493 2387 notnng.
578 2390 632 2417 ac
666 2376 1014 2417 examinatores
1047 2377 1118 2417 sui
1148 2377 1369 2430 ignorant
1401 2376 1709 2417 communiter
1739 2389 1893 2416 mores
1911 2381 1952 2413 30

577 2458 784 2499 persone
818 2451 1057 2496 extranee,
1091 2451 1139 2486 et
1171 2447 1327 2499 quoad
1359 2445 1607 2486 scienciam
1639 2459 1756 2499 sepe
1787 2459 1892 2499 pre-

577 2515 845 2568 ponderant
888 2521 1033 2556 artem
1076 2515 1290 2570 litigandi
1335 2515 1534 2555 civiliter
1578 2515 1663 2555 arti
1702 2515 1893 2555 curandi

579 2584 770 2635 animas;
806 2585 932 2638 quod
965 2590 1039 2625 est
1071 2585 1287 2625 condicio
1309 2584 1602 2626 Antichristi.
1634 2584 1894 2625 Recoleret

649 2744 675 2772 3.
698 2744 739 2772 ss:
763 2744 902 2771 Christus
921 2744 1015 2771 deest.
1091 2743 1140 2771 25.
1158 2746 1275 2779 peccat.
1296 2744 1401 2772 Recte:
1422 2747 1540 2772 errant.
1625 2752 1673 2779 29.
1696 2743 1815 2772 Codd.:
1836 2747 1891 2771 tes-

578 2792 652 2818 lr'um
669 2791 791 2826 florum.

649 2884 701 2914 24.
729 2875 779 2905 De
806 2874 971 2906 Consecr.
999 2874 1081 2916 Cap.
1109 2875 1226 2906 XXIV.
