2078 3338
139 268 227 295 cAp.
254 260 336 311 ΧΠ]
538 270 597 301 DE
623 269 905 302 POTESTATE
931 269 1061 300 PAPE.

138 387 244 416 esse
287 374 423 415 nimis
465 387 636 427 magna
677 373 996 427 presumpcio.
1047 372 1165 413 Nam
1207 372 1340 414 iuxta
1377 374 1453 414 de-

1662 261 1738 310 361

1521 383 1546 411 if
1563 390 1626 419 not,
1649 386 1686 412 he

1515 419 1625 446 should
1648 424 1701 447 not

138 450 316 485 cretum
358 444 486 485 beati
517 444 763 498 Jeronymi
800 443 1045 484 recitatum
1077 443 1128 483 X
1160 442 1366 496 capitulo
1407 448 1455 484 et
1480 453 1548 480 take
1567 454 1617 481 the
1638 462 1727 482 name

136 512 725 554 testimoniumBernhardi
741 519 788 554 et
796 512 1158 566 Lyncolniensis
1171 526 1295 566 papa
1310 513 1455 553 debet

138 596 243 624 esse
282 583 429 636 qualis
475 583 541 623 ibi
571 583 842 636 reputative
876 581 1178 632 describitur3
1221 582 1305 623 sed
1343 587 1455 622 tunc

103 653 260 695 5foret
292 652 614 694 sanctissimus
646 652 889 703 viatorum,
927 651 1072 705 igitur
1109 651 1168 691 ad
1200 651 1292 691 hoc
1324 657 1454 692 tene-

136 728 230 772 tur3
276 736 371 762 non
417 722 538 762 enim
584 727 657 763 est
702 721 897 762 evidens
943 722 1071 775 quod
1102 726 1195 762 tam
1227 721 1375 762 sancti
1408 726 1456 761 et

137 792 270 832 scioli
293 792 515 832 doctores
532 792 637 832 oleo
662 791 949 832 adulacionis
971 790 1161 830 linirent
1182 790 1455 844 pontificem

135 861 412 901 menciendo
442 861 500 901 de
530 861 626 911 illo,
663 861 1033 914 pronunciantes
1069 860 1126 900 de
1154 860 1261 913 ipso
1290 860 1454 901 laudes

136 943 228 983 que
261 943 350 970 nec
381 929 541 971 insunt
572 943 661 970 nec
692 930 852 970 inesse
877 930 1092 970 debeant.
1125 929 1242 969 Ideo
1264 930 1455 982 planum

80 1019 120 1041 10
137 1006 209 1041 est
241 1014 304 1040 ex
336 1013 497 1041 eorum
531 1000 773 1041 sentencia
817 1000 946 1053 quod
988 1013 1114 1053 papa
1158 1000 1301 1041 debet
1348 1013 1454 1041 esse

136 1070 456 1111 sanctissimus
489 1075 536 1110 et
566 1083 654 1123 per
684 1070 811 1110 idem
844 1069 1043 1123 quilibet
1073 1082 1208 1122 papa.

192 1139 326 1191 Item,
363 1141 533 1180 beatus
568 1139 828 1193 Gregorius
866 1140 987 1180 libro
1021 1138 1068 1179 Π
1099 1140 1176 1179 De
1212 1138 1333 1179 Cura
1364 1139 1452 1179 Pa-

135 1209 297 1250 storali
341 1223 441 1263 cap.
499 1209 651 1262 primo
697 1209 809 1249 dicit
861 1209 991 1262 quod
1041 1213 1205 1262 pastor
1249 1208 1453 1249 ecclesie

136 1280 280 1320 debet
301 1293 352 1321 se
371 1280 548 1320 habere
569 1279 629 1319 ad
644 1279 860 1319 subditos
877 1278 998 1320 sicut
1017 1283 1182 1332 pastor
1195 1278 1454 1320 bestiarum

82 1360 118 1393 15
135 1363 187 1391 se
217 1350 361 1390 habet
394 1350 451 1389 ad
494 1349 674 1390 bestias
707 1362 824 1402 quas
859 1348 1077 1390 custodit.
1130 1347 1230 1389 Sed
1268 1353 1455 1388 constat

136 1421 264 1472 quod
278 1420 401 1459 nulla
424 1433 579 1460 earum
603 1419 904 1473 equiparatur
924 1418 1106 1472 pastori
1124 1418 1172 1459 in
1193 1417 1455 1472 prudencia

132 1489 212 1529 vel
235 1488 420 1540 virtute,
451 1488 597 1542 igitur
628 1494 789 1542 pastor
812 1488 1012 1529 ecclesie
1037 1488 1182 1530 debet
1206 1487 1256 1528 in
1277 1487 1454 1528 virtute

135 1572 297 1600 omnes
351 1558 569 1600 subditos
622 1571 734 1600 suos
780 1558 1031 1608 excellere,
1085 1557 1192 1611 quia
1234 1557 1322 1597 alia
1366 1571 1452 1597 ex-

135 1628 359 1669 cellencia
390 1642 486 1669 non
519 1634 592 1670 est
622 1628 879 1682 pertinens.
913 1628 1028 1669 Cum
1059 1627 1206 1682 igitur
1236 1641 1363 1681 papa
1394 1627 1456 1668 sit

78 1718 120 1738 20
133 1704 296 1752 pastor
310 1698 464 1739 tocius
478 1699 667 1739 residue
683 1698 1002 1739 universitatis
1023 1697 1244 1747 fidelium,
1267 1696 1455 1737 videtur

134 1768 262 1821 quod
285 1767 429 1809 debet
452 1768 660 1821 supponi
679 1767 835 1821 ipsum
857 1767 902 1807 in
925 1767 1182 1822 prudencia
1206 1772 1253 1807 et
1278 1766 1453 1806 virtute

15 1846 96 1879 251ἃ
136 1842 333 1877 cunctos
355 1837 460 1877 illos
478 1838 728 1878 excellere.
758 1836 762 1892 Ι
790 1836 946 1877 Aliter
962 1837 1083 1877 enim
1099 1849 1221 1890 eque
1243 1841 1454 1876 maneret

135 1914 183 1947 et
212 1911 432 1959 pasceret
464 1920 568 1946 eum
601 1906 818 1948 subditus
850 1912 901 1947 ut
933 1911 1140 1948 econtra.

192 1976 326 2026 Item,
348 1989 474 2029 papa
497 1976 732 2017 consentit
754 1975 1090 2029 multipliciter,
1112 1976 1241 2030 quod
1255 1980 1455 2016 vocetur

79 2056 118 2088 25
129 2049 264 2099 pater
286 2047 572 2087 beatissimus
601 2051 648 2086 et
670 2046 890 2086 vendicat
910 2046 1118 2086 honores
1150 2046 1271 2086 ultra
1292 2058 1454 2086 omnes

134 2118 355 2156 mortales
396 2115 530 2163 alios;
579 2129 683 2155 cum
725 2115 871 2169 igitur
904 2115 1111 2168 supponi
1143 2115 1288 2155 debet
1326 2115 1454 2168 quod

133 2185 223 2224 hec
267 2184 379 2225 facit
415 2184 640 2239 religiose
681 2190 727 2225 et
766 2185 939 2235 debite,
979 2185 1056 2224 vel
1089 2185 1218 2237 quod
1250 2184 1310 2225 sit
1345 2197 1452 2238 apo—

136 2259 256 2294 stata
278 2253 614 2304 Antichristus,
643 2254 832 2295 videtur
865 2254 989 2307 quod
1016 2256 1334 2307 approbantes
1365 2254 1454 2293 hec

134 2322 259 2363 facta
288 2323 487 2377 papalia,
532 2329 754 2364 tenentur
796 2324 842 2364 in
888 2323 991 2363 istis
1030 2336 1303 2376 supponere
1335 2322 1455 2363 veri-

79 2406 122 2437 30
135 2398 279 2433 tatem
312 2398 359 2433 et
388 2392 538 2434 laudis
569 2393 673 2433 talis
705 2392 956 2433 materiam.
1010 2391 1061 2434 Si
1102 2392 1246 2446 igitur
1279 2391 1455 2433 veritas

137 2468 211 2502 est
243 2464 372 2515 quod
402 2462 508 2516 ipse
541 2469 614 2504 est
643 2462 720 2503 hic
741 2468 877 2516 pater
897 2462 1211 2512 beatissimus,
1243 2467 1355 2502 tunc
1383 2466 1457 2502 est

136 2531 291 2572 viator
314 2531 652 2584 sanctissimus3
677 2540 724 2572 et
744 2532 868 2572 idem
885 2532 1099 2585 sequitur
1120 2531 1160 2571 si
1180 2530 1239 2571 sit
1253 2530 1454 2571 maxime

134 2601 449 2654 honorandus,
484 2614 588 2641 cum
619 2602 770 2643 honor
802 2601 863 2642 sit
895 2614 956 2641 ex
988 2614 1081 2654 quo
1114 2600 1343 2654 premium
1364 2600 1453 2640 vir-

208 2803 256 2822 20.
278 2795 316 2822 B:
333 2798 448 2830 pastor
466 2795 562 2822 deest.

212 2900 261 2922 12.
289 2890 390 2932 Greg.
418 2890 438 2923 l.
466 2901 493 2924 c.
581 2901 632 2931 24.
660 2890 710 2924 Cf.
738 2890 856 2922 Hussii
885 2890 976 2932 Opp.
1003 2891 1026 2934 Ι,
1056 2893 1153 2933 229⁸.

1538 489 1573 516 of
1590 497 1679 524 pope.

1485 1983 1528 2011 So
1549 1989 1600 2011 too
1622 1985 1656 2012 of
1673 1986 1726 2012 the

1492 2020 1631 2047 honours
1651 2019 1715 2046 that

1517 2055 1554 2082 he
1573 2055 1692 2087 claims,
