2078 3338
277 271 358 320 368
997 275 1223 308 JOHANNIS
1250 274 1435 306 WYCLIF
1683 262 1788 313 [CAP.
1815 271 1879 298 ΧΠ.

565 395 737 422 nomen
768 394 903 434 pape.
936 380 1052 420 Ideo
1087 383 1312 420 caverunt
1345 379 1404 419 de
1431 378 1522 418 hoc
1544 378 1730 428 Petrus,
1764 376 1880 418 Gre-

565 451 726 505 gorius
760 456 808 491 et
839 450 914 490 alii
946 449 1108 500 sancti,
1147 449 1424 502 ignorantes
1464 447 1503 489 si
1537 452 1645 488 sunt
1675 449 1884 489 membra

566 520 771 575 dyaboli.
823 519 878 560 In
921 519 1077 559 medio
1122 531 1236 559 vero
1280 522 1566 571 acceperant
1613 516 1703 557 sibi
1735 516 1883 557 sancti

567 589 785 644 episcopi
816 602 989 630 nomen
1020 602 1156 642 pape,
1196 593 1244 628 et
1272 588 1321 628 in
1351 587 1499 629 tercio
1532 591 1733 641 propter
1763 586 1884 628 blas-

565 660 738 701 femum
770 658 940 700 fastum
974 663 1021 698 et
1044 663 1263 712 questum
1286 661 1643 711 assumpserunt
1665 655 1754 696 sibi
1777 669 1883 696 con·
1901 659 1917 691 5

566 729 669 769 fuse
688 729 802 769 illud
822 741 993 769 nomen
1011 725 1014 783 J
1031 727 1201 781 prelati
1223 726 1402 767 cesarei
1422 727 1542 766 ultra
1564 725 1885 766 auctoritatem
1932 730 2012 761 252ο

566 799 680 839 novi
711 799 789 839 vel
821 797 1000 839 veteris
1032 797 1314 839 testamenti.
1363 796 1505 837 Unde
1538 809 1677 837 secus
1712 801 1785 835 est
1829 795 1887 834 de

565 869 754 909 nomine
786 881 912 922 pape
947 872 994 907 et
1014 867 1116 908 aliis
1139 866 1405 907 nominibus
1433 865 1584 919 primo
1609 864 1886 914 officiorum⁷

568 951 672 979 cum
742 950 867 991 papa
937 936 1050 977 dicit
1088 935 1434 990 vprincipaliter
1489 933 1886 988 preeminenciam

568 1007 840 1049 sanctitatis.
893 1006 956 1046 Et
997 1010 1133 1060 patet
1177 1019 1239 1045 ex
1283 1004 1654 1058 equivocacione
1693 1003 1945 1044 solucio.1o

327 1076 507 1112 0bj²⁰t³0¹¹²
626 1076 847 1118 Secundo
898 1075 1101 1118 obicitur
1143 1088 1231 1129 per
1273 1075 1379 1125 hoc,
1425 1074 1551 1127 quod
1593 1073 1726 1114 iuxta
1767 1074 1887 1113 hanc

323 1111 423 1147 Every
444 1119 502 1138 one

315 1146 518 1216 ggglgfffngg
567 1147 689 1187 viam
733 1146 932 1200 quilibet
976 1146 1121 1186 debet
1167 1158 1275 1185 esse
1319 1157 1459 1198 papa,
1504 1149 1556 1184 ut
1599 1143 1745 1185 debet
1783 1156 1888 1184 esse

286 1224 430 1285 ougssssffvo
443 1224 545 1279 {iteam
569 1216 890 1258 sanctissimus
918 1215 1164 1257 viatorum.
1197 1215 1359 1255 Debet
1391 1214 1512 1254 enim
1547 1226 1652 1253 esse
1685 1226 1810 1266 papa
1842 1217 1889 1252 et

320 1285 511 1348 “fsslfflfflgst
570 1299 869 1341 quocumque
900 1285 990 1326 iam
1021 1285 1180 1325 viante
1213 1283 1430 1325 sanctior.

627 1356 719 1397 Hic
743 1355 912 1397 dicitur
936 1356 1064 1408 quod
1086 1355 1243 1410 logica
1265 1353 1525 1394 secundum
1555 1365 1744 1393 sensum
1767 1365 1888 1392 com-
1911 1356 1945 1389 15

569 1426 777 1480 positum
823 1431 870 1466 et
903 1425 1104 1466 divisum
1133 1424 1182 1464 in
1212 1424 1302 1464 ista
1332 1422 1525 1463 materia
1558 1427 1632 1463 est
1665 1423 1888 1462 cavenda.

569 1496 676 1537 Non
721 1496 842 1536 enim
895 1500 969 1536 est
1013 1494 1164 1548 aliqua
1202 1492 1425 1534 sanctitas
1470 1506 1563 1546 qua
1598 1492 1891 1546 prepolleret

568 1571 809 1619 peccator,
855 1565 967 1619 quin
1012 1565 1159 1606 debet
1203 1577 1311 1604 esse
1351 1562 1570 1613 sanctior,
1615 1562 1722 1615 quia
1759 1561 1892 1601 aliter

569 1649 662 1676 non
694 1640 930 1689 peccaret.
965 1634 1303 1675 Verumtamen
1335 1646 1426 1673 nec
1457 1632 1504 1672 in
1537 1636 1661 1672 statu
1693 1631 1770 1672 vie
1802 1644 1890 1671 nec

283 1716 555 1778 nffivssffifftsss'ssffie
570 1710 694 1747 statu
723 1706 884 1759 lapsus
908 1705 1051 1745 debet
1074 1705 1215 1744 homo
1240 1702 1504 1756 composite
1527 1714 1633 1742 esse
1656 1700 1891 1741 sanctissi-
1909 1715 1950 1736 20

294 1786 491 1848 arehgleignreesess
512 1785 547 1811 of
569 1789 672 1816 mus
703 1774 954 1825 viatorum,
988 1773 1096 1828 quia
1128 1773 1365 1814 subducto
1390 1771 1515 1812 omni
1545 1776 1746 1825 peccato
1770 1774 1893 1811 foret

487 1841 493 1854 ⁷
571 1845 745 1899 gradus
780 1858 1062 1885 excessuum
1097 1842 1406 1884 sanctitatum.
1440 1841 1537 1882 Sed
1568 1846 1680 1894 post
1709 1842 1891 1894 lapsum

571 1929 667 1955 non
712 1920 785 1956 est
828 1915 943 1955 alius
989 1918 1178 1955 sanctus
1212 1912 1379 1953 vivens
1416 1912 1559 1952 vitam
1599 1924 1891 1951 communem

573 1984 684 2038 quin
730 1985 876 2026 debet
920 1997 1027 2025 esse
1059 1982 1255 2025 sancior.
1301 1980 1400 2023 Sed
1432 1986 1483 2021 ut
1516 1981 1659 2022 credo
1696 1979 1893 2034 quilibet

571 2053 924 2107 predestinatus
969 2054 1116 2095 debet
1156 2051 1288 2092 finire
1337 2051 1383 2091 in
1428 2051 1579 2104 gradu
1632 2049 1891 2091 sanctitatis
1909 2053 1947 2085 25

572 2137 668 2164 non
700 2136 880 2164 summo
915 2123 1000 2163 sed
1033 2122 1124 2164 sibi
1155 2121 1329 2162 debito.
1361 2120 1501 2160 Unde
1523 2119 1767 2160 luciferina
1787 2133 1890 2172 pre-

347 2203 406 2230 and
428 2202 495 2230 itis
574 2192 786 2246 sumpcio
831 2192 1020 2233 videtur
1072 2192 1202 2245 quod
1235 2190 1514 2231 christianus
1558 2188 1760 2242 accipiat
1804 2188 1893 2229 sibi

315 2237 529 2311 prgfflssffllion
573 2276 747 2304 nomen
778 2262 882 2302 talis
915 2261 1265 2315 preeminencie
1299 2259 1571 2302 sanctitatis.
1605 2259 1720 2299 Ideo
1745 2257 1893 2299 sancti

331 2307 541 2377 tohiffglfflrgt-the
576 2331 876 2373 concorditer
895 2332 1011 2372 illud
1032 2336 1329 2384 respuerant.
1363 2330 1488 2383 Quid
1509 2328 1656 2383 igitur
1677 2333 1894 2368 moveret

573 2403 841 2443 Romanum
886 2401 1167 2454 episcopum
1212 2401 1335 2441 ultra
1379 2398 1728 2452 obligacionem
1768 2398 1893 2451 apud
1910 2404 1950 2436 30

573 2472 729 2512 Deum
752 2470 1076 2512 absconditam
1106 2484 1167 2510 ex
1196 2469 1498 2524 professione
1525 2469 1725 2508 humana
1753 2480 1892 2521 spon-

574 2548 711 2583 tanea
733 2541 822 2582 sibi
844 2554 1085 2582 assumere
1107 2541 1199 2581 tale
1217 2554 1408 2592 nomen;
1432 2538 1670 2593 professio
1692 2551 1892 2591 namque

577 2619 624 2653 et
656 2612 860 2653 officium
892 2616 1133 2651 mutantur
1175 2612 1233 2651 ab
1269 2610 1426 2651 officio
1462 2614 1510 2649 et
1540 2621 1671 2649 more
1703 2613 1891 2662 aposto-

574 2683 665 2723 lico
698 2682 758 2722 ad
788 2682 946 2735 legem
980 2687 1027 2722 et
1060 2681 1265 2721 officium
1300 2677 1590 2721 Antichristi.

650 2874 691 2902 19.
714 2865 813 2893 Codd.
836 2864 865 2891 in
888 2872 1000 2898 marga
1023 2864 1240 2891 Sanctissimus
1260 2864 1289 2889 si
1306 2863 1394 2890 debet
1413 2871 1478 2889 esse
1493 2862 1704 2888 omnishomo.
1779 2860 1824 2888 31.
1846 2863 1893 2892 et,-

577 2913 616 2941 ss:
637 2921 684 2940 ex.
