2078 3338
181 270 270 298 CAP·
293 262 377 314 VII-J
578 273 637 304 DE
664 272 944 305 POTESTATE
972 273 1102 304 PAPEe

1712 275 1788 312 139

178 391 318 431 quem
351 376 561 418 Christus
600 376 881 430 intenderat,
920 382 972 417 ut
1009 376 1191 416 scilicet
1226 377 1399 417 Petrus
1438 376 1497 416 sit
1529 384 1616 412 Peter
1635 393 1700 412 was
1720 390 1773 412 not

178 447 450 500 capitaneus
509 451 558 486 et
613 446 748 499 pugil
804 445 1063 499 precipuus
1122 446 1181 486 ad
1232 446 1498 486 ducendum

179 516 351 557 Christi
384 516 645 556 exercitum
678 515 768 555 sibi
805 515 1009 566 similius,
1054 515 1237 556 scilicet
1272 516 1381 565 fide,
1418 516 1497 555 hu-

176 585 371 625 militate
417 592 464 626 et
507 586 746 639 passione,
791 585 901 626 ideo
932 585 1105 625 Petrus
1152 585 1399 638 querendo
1440 585 1498 625 de

146 654 274 695 5vita
306 655 602 708 evangeliste
640 654 871 708 signantis
904 654 1047 695 vitam
1087 655 1499 708 contemplativam

176 724 363 777 recepit
394 738 678 778 responsum
711 738 736 764 a
756 724 887 765 Deo:
929 724 1048 777 Quid
1079 726 1142 765 ad
1172 728 1223 775 te,
1255 728 1303 764 tu
1334 737 1406 764 me
1426 737 1498 781 se—

176 806 309 846 qztere
339 794 441 845 Joh.
475 794 650 844 ultimo,
691 807 751 843 19.
797 793 946 834 Istum
976 793 1122 847 igitur
1154 807 1343 834 sensum
1375 807 1498 834 com—

176 869 369 916 portant
400 870 677 917 argumenta
709 864 802 903 duo
834 864 972 916 facta,
1003 869 1055 904 ut
1086 877 1204 917 sepe
1226 863 1418 917 repecii,
1447 869 1501 917 *et

177 946 273 973 non
307 933 681 973 dominacionem
712 934 791 974 vel
829 934 1059 973 honorem
1091 934 1372 984 secularem,
1405 939 1498 980 aut,

124 1019 162 1039 10
176 1008 228 1043 ut
251 1002 364 1044 dicit
384 1003 701 1053 Bernhardus,
734 1008 1026 1056 potestatem
1058 1003 1334 1044 seculariter
1366 1003 1498 1044 casti-

177 1072 339 1125 gandi3
387 1072 509 1113 sicut
548 1079 690 1126 caput
729 1072 889 1113 verbis
924 1078 971 1113 et
1001 1072 1184 1125 intuitu,
1216 1087 1312 1114 non
1344 1079 1500 1115 autem

178 1142 411 1196 corporali
441 1142 687 1183 invasione
719 1143 798 1183 vel
830 1142 1172 1183 instrumentali
1207 1143 1499 1197 defensione,

175 1211 329 1265 pascit
361 1217 408 1252 et
438 1212 564 1266 regit
594 1211 833 1253 residuum
867 1212 1095 1266 corporis,
1136 1213 1266 1266 quod
1302 1213 1342 1253 si
1372 1227 1499 1267 pape

177 1281 401 1322 deficiunt
438 1281 580 1333 visus,
629 1281 814 1322 auditus
859 1287 906 1322 et
944 1282 1095 1322 omnis
1133 1295 1302 1324 sensus
1341 1283 1401 1323 ad
1430 1296 1498 1323 re-

124 1352 385 1404 15gendum
429 1351 690 1405 capitaliter
733 1365 907 1405 corpus
942 1351 1127 1406 Christi,
1173 1352 1286 1406 quid
1330 1352 1420 1393 sibi
1452 1358 1500 1393 et

175 1434 301 1474 pape
339 1422 417 1462 vel
462 1420 603 1475 capiti
642 1421 813 1462 Christi
852 1422 1080 1462 ecclesie?
1141 1422 1335 1463 Revera
1375 1423 1500 1463 nulla

177 1491 355 1531 eleccio
401 1492 481 1532 vel
529 1491 821 1545 approbacio
872 1492 1072 1532 humana
1122 1497 1288 1545 potest
1338 1492 1498 1533 facere

179 1561 309 1613 quod
338 1560 444 1601 talis
475 1561 529 1602 fit
561 1567 705 1615 caput
731 1562 811 1601 vel
829 1561 1051 1602 articulus
1076 1561 1250 1602 Christi
1282 1562 1498 1615 ecclesie,

177 1630 263 1670 sed
294 1631 584 1672 mendaciter
613 1631 934 1685 presumendo
968 1632 1035 1672 sic
1066 1645 1239 1672 nomen
1269 1632 1324 1673 fit
1356 1639 1497 1686 caput

121 1716 163 1737 20
179 1700 378 1741 ecclesie
400 1701 758 1755 malignancium
774 1706 822 1742 et
844 1715 1095 1757 synagoge
1111 1703 1318 1743 sathane.
1340 1702 1497 1743 Homo

63 1776 139 1820 195⁰
178 1770 299 1811 enim
341 1772 486 1812 habet
529 1785 591 1812 ex
635 1785 686 1812 se
715 1770 720 1826 Ι
747 1771 1017 1825 potenciam
1054 1771 1260 1812 vadendi
1304 1778 1352 1812 et
1391 1785 1497 1812 esse

177 1842 436 1881 membrum
479 1840 686 1895 dyaboli,
732 1841 818 1881 sed
861 1854 957 1881 non
999 1841 1145 1882 habet
1186 1841 1277 1882 nisi
1320 1856 1348 1882 a
1389 1841 1496 1882 Deo

179 1924 284 1951 esse
315 1911 577 1951 membrum
609 1910 830 1957 ecclesie;
866 1916 1061 1964 oportet
1083 1911 1205 1951 enim
1229 1911 1499 1965 proximum

179 1979 351 2021 Christi
387 1980 611 2021 vicarium
655 1994 762 2021 esse
799 1980 948 2021 instar
986 1980 1060 2021 sui
1104 1980 1405 2034 spiritualem,
1447 1986 1499 2021 ut

122 2054 162 2088 25
179 2051 322 2091 docet
350 2050 478 2091 Luce
510 2050 598 2104 IX,
632 2064 697 2103 55,
731 2053 784 2102 56
817 2052 876 2091 de
907 2051 1058 2092 tribus
1091 2051 1322 2105 apostolis
1355 2065 1497 2105 appe-

178 2120 386 2161 tentibus
442 2122 687 2161 humanam
745 2121 1018 2162 vindictam:
1081 2121 1285 2174 Nescitis,
1345 2121 1498 2175 inquit

180 2189 407 2242 Christus,
451 2192 582 2232 cuius
617 2192 812 2244 spiritus
849 2192 967 2240 estis,
999 2192 1138 2243 filius
1172 2192 1372 2233 hominis
1407 2204 1497 2232 non

177 2261 295 2300 vertit
325 2261 512 2301 animas
535 2262 732 2313 perdere
762 2262 841 2302 sed
870 2262 1065 2302 salvare.
1097 2260 1277 2302 Miticia
1296 2274 1498 2315 namque

180 2337 227 2370 et
257 2343 351 2370 non
384 2343 558 2383 guerra
587 2330 906 2384 possidebunt
936 2336 1108 2371 terram
1136 2331 1417 2385 vivencium,
1449 2336 1501 2371 ut

122 2405 164 2438 30
180 2400 323 2441 docet
337 2399 526 2441 Veritas
543 2400 706 2442 Matth.
720 2400 777 2442 V.
801 2400 863 2441 Et
883 2400 991 2441 hinc
1013 2406 1147 2441 notat
1163 2400 1499 2454 Crysostomus

179 2482 324 2523 super
359 2470 550 2523 primam
592 2470 840 2523 epistolam
877 2470 1044 2524 Thym.
1078 2469 1261 2511 Omelie
1287 2471 1352 2511 V:
1384 2470 1500 2521 Non,

177 2539 342 2593 inquit,
365 2541 430 2581 ait
451 2542 682 2593 apostolus
703 2541 1045 2581 auctorabiliter
1065 2553 1203 2593 neque
1223 2541 1500 2581 dominative

178 2621 316 2663 neque
329 2622 432 2650 cum
441 2613 670 2663 potestate,
684 2610 764 2651 sed
764 2610 857 2663 fili,
880 2609 955 2663 ait,
977 2610 1288 2663 Thymothee,
1322 2616 1368 2650 et
1388 2610 1497 2650 ideo

250 2768 299 2799 30.
321 2771 350 2798 A
369 2770 400 2798 in
421 2778 535 2806 marg:
557 2770 668 2799 Claves
685 2769 795 2798 Petrus
820 2770 939 2806 recepit
956 2778 1017 2798 non
1044 2770 1227 2805 simpliciter
1242 2777 1303 2804 pro
1322 2777 1355 2796 se
1372 2769 1427 2796 sed
1444 2777 1497 2805 ge-

180 2817 331 2845 neraliter
347 2824 407 2852 pro
427 2818 566 2846 ecclesia.

252 2902 304 2934 31.
332 2901 425 2943 Opp.
447 2908 531 2934 tom.
557 2902 612 2944 XI,
641 2901 716 2943 527.

1547 423 1578 446 to
1599 420 1748 447 maintain

1548 454 1596 481 his
1617 455 1756 491 primacy

1578 489 1617 525 by
1638 489 1733 518 force.
