2078 3338
290 291 340 321 22

318 681 368 708 No
389 689 448 708 one
468 681 523 708 has

314 724 419 750 power
437 719 468 742 to
489 717 529 743 do

1006 292 1230 331 JOHANNIS
1256 291 1442 324 WYCIAF
1724 278 1830 339 [CAP.
1850 290 1886 317 11.

789 526 1220 589 CAPITULUM
1263 525 1672 587 SECUNDUM.

632 675 734 718 Sed
766 676 917 716 adhuc
948 675 1150 725 videtur,
1196 688 1300 715 eum
1344 674 1494 715 omnis
1526 680 1741 728 potestas
1775 675 1836 715 sit
1867 688 1892 715 a

311 751 460 786 anything
481 751 533 779 but
572 746 694 799 Deo,
729 746 859 799 quod
889 758 1028 785 nemo
1059 745 1204 784 habet
1234 749 1523 798 potestatem
1546 745 1603 784 ad
1624 744 1891 785 faciendum

329 787 413 812 what
435 786 505 814 God

373 821 463 849 wills.

300 1097 378 1125 This
398 1097 424 1125 is
445 1097 535 1125 made

300 1140 338 1159 an
359 1140 470 1159 excuse
490 1133 529 1168 by

315 1168 378 1194 idle
400 1167 522 1202 priests.

308 2083 365 2111 But
386 2092 432 2110 we
452 2088 535 2110 must

352 2123 423 2145 note
442 2119 494 2145 the

332 2153 496 2180 difference

301 2187 437 2215 between
459 2188 542 2215 what

308 2221 377 2249 God
399 2222 479 2249 wills
499 2231 547 2249 we

294 2257 404 2284 should
426 2258 465 2284 do
486 2257 545 2284 and

318 2292 366 2318 his
388 2292 448 2319 will
470 2292 535 2319 that

341 2334 387 2353 we
407 2327 446 2354 do
465 2326 498 2355 it.

575 815 763 869 aliquid,
807 815 897 855 nisi
941 815 1070 868 quod
1100 814 1234 854 Deus
1277 813 1482 854 intendit
1524 819 1576 854 ut
1613 813 1766 855 faciat.
1816 814 1892 855 Ex

574 899 668 939 quo
691 885 882 926 videtur
906 884 1035 938 quod
1057 884 1331 925 sacerdotes
1355 882 1567 924 ociantes
1591 889 1924 937 excusantur75

575 968 679 995 cum
710 968 806 995 non
826 955 1006 994 habent
1026 958 1318 1007 potestatem
1341 953 1398 993 ad
1426 952 1688 993 faciendam
1719 953 1892 1007 aliquid

574 1026 703 1080 quod
736 1024 969 1065 omittunt.

631 1094 721 1135 Hic
765 1094 955 1135 videtur
998 1093 1109 1133 mihi
1153 1093 1281 1146 quod
1326 1092 1513 1146 questio
1566 1092 1716 1146 prima
1764 1092 1892 1134 illata

574 1164 774 1205 concedi
818 1165 1000 1217 debeat,
1042 1176 1148 1203 nam
1179 1163 1312 1203 Deus
1358 1161 1641 1203 omnisciens
1685 1176 1782 1203 non
1814 1163 1893 1203 dat

572 1233 748 1274 homini
771 1233 947 1287 aliquid
968 1232 1058 1273 nisi
1071 1238 1273 1286 propter
1293 1233 1446 1284 finem,
1465 1245 1603 1286 quem
1618 1232 1891 1286 plenissime
1912 1252 1950 1272 10

575 1309 622 1344 et
649 1303 961 1344 distinccione
992 1295 1206 1349 intendit,
1241 1301 1349 1355 quia
1380 1301 1514 1342 aliter
1544 1301 1718 1342 frustra
1751 1302 1893 1344 daret.

628 1373 762 1425 Item,
796 1386 935 1413 nemo
966 1372 1113 1412 habet
1134 1376 1424 1425 potestatem
1448 1372 1505 1411 ad
1528 1371 1703 1424 aliquid
1724 1371 1893 1411 facien-

573 1444 695 1496 dum,
727 1442 818 1483 nisi
847 1441 990 1483 liceat
1021 1441 1111 1482 sibi
1140 1441 1255 1482 illud
1286 1441 1459 1493 facere,
1492 1455 1595 1481 eum
1621 1454 1645 1481 a
1664 1442 1772 1481 Deo
1796 1454 1891 1481 non

572 1513 633 1553 sit
654 1517 869 1566 potestas
892 1511 982 1551 nisi
1002 1510 1224 1564 legitima,
1256 1516 1304 1559 et
1325 1524 1413 1564 per
1436 1523 1735 1564 consequens
1757 1511 1891 1551 Deus

572 1582 757 1635 obligat
800 1596 905 1622 eum
957 1583 1045 1621 sub
1093 1594 1220 1634 pena
1268 1580 1457 1634 peceati
1499 1582 1577 1620 vel
1629 1580 1892 1622 amissionis
1914 1589 1948 1621 15

569 1651 738 1706 premii
769 1658 820 1692 ut
849 1651 964 1691 illud
995 1650 1149 1702 faeiat,
1182 1650 1306 1690 sicut
1334 1651 1468 1690 Deus
1500 1650 1712 1691 intendit.

629 1722 762 1775 Item,
807 1720 1047 1774 recipiens
1091 1721 1232 1761 talem
1270 1724 1562 1773 potestatem
1602 1733 1626 1760 a
1664 1720 1772 1760 Deo
1821 1726 1893 1761 est

570 1797 622 1832 ut
654 1791 722 1831 sic
756 1790 1030 1846 obligacior‚
1064 1791 1149 1830 sed
1182 1795 1374 1843 oportet
1403 1790 1560 1833 Deum
1594 1802 1891 1842 cognoscere

572 1873 823 1901 excessum
856 1859 1183 1912 obligacionis,
1229 1865 1276 1899 et
1307 1872 1395 1912 per
1429 1872 1743 1912 consequens,
1778 1859 1892 1912 quid

572 1932 802 1984 adequate
817 1919 1094 1983 potentatus
1119 1930 1263 1969 debet
1283 1929 1441 1969 facere
1461 1942 1524 1969 ex
1545 1929 1622 1969 illa
1635 1934 1890 1982 potestate,
1910 1948 1951 1969 20

575 2006 622 2041 et
654 2000 722 2041 sic
753 2001 889 2040 Deus
920 1987 1123 2040 intendit
1153 2004 1206 2040 ut
1235 1999 1351 2039 illud
1382 1998 1533 2040 faciat.

631 2069 729 2111 Sed
760 2070 1018 2110 notandum
1052 2074 1138 2121 est,
1171 2069 1302 2122 quod
1334 2068 1456 2109 sieut
1488 2068 1610 2108 aliud
1643 2073 1717 2108 est
1736 2069 1891 2108 Deum

572 2140 697 2180 velle
730 2140 859 2193 quod
879 2139 1053 2180 Petrus
1086 2138 1147 2179 sit
1179 2139 1337 2179 salvus
1362 2143 1411 2178 et
1442 2137 1567 2178 aliud
1588 2138 1745 2178 Deum
1766 2138 1891 2178 velle

574 2210 702 2263 quod
731 2209 837 2262 ipse
871 2214 945 2249 est
977 2209 1148 2261 salvus,
1188 2208 1254 2248 sic
1287 2207 1414 2249 aliud
1453 2213 1527 2248 est
1557 2207 1714 2248 Deum
1744 2207 1891 2247 inten-

574 2281 700 2324 dere,
735 2279 864 2332 quod
894 2279 1067 2319 Petrus
1100 2277 1241 2318 faciat
1270 2278 1363 2318 hoc
1396 2283 1444 2318 et
1487 2277 1610 2318 aliud
1641 2278 1797 2317 Deum
1827 2277 1947 2319 in-25

572 2349 770 2388 tendere
816 2348 945 2402 quod
986 2348 1092 2401 ipse
1126 2347 1239 2388 facit
1273 2347 1379 2401 hoc,
1427 2347 1535 2400 quia
1566 2360 1623 2387 eo
1654 2346 1761 2399 ipso
1797 2359 1889 2400 quo

570 2418 704 2458 Deus
735 2417 738 2473 Ι
768 2417 950 2471 obligat
986 2418 1181 2458 Petrum
1225 2418 1313 2458 sub
1360 2417 1561 2458 obtentu
1603 2415 1771 2469 premii
1813 2417 1892 2456 vel
1934 2424 2009 2458 166⁶

570 2487 761 2527 incursu
804 2501 930 2541 pene
977 2487 1107 2540 quod
1137 2487 1309 2527 Petrus
1342 2486 1483 2527 faciat
1512 2487 1617 2539 hoe,
1661 2485 1795 2526 Deus
1826 2485 1890 2525 in-

570 2556 723 2597 tendit
755 2558 884 2610 quod
915 2556 1059 2597 faciat
1088 2557 1200 2605 h003
1247 2561 1294 2597 et
1337 2556 1404 2596 sic
1448 2555 1701 2609 utrobique
1739 2555 1891 2595 solum

570 2626 774 2667 intendit
804 2632 851 2667 et
882 2627 986 2667 vult
1016 2626 1276 2675 veritatem,
1312 2639 1416 2666 cum
1447 2625 1623 2666 Veritas
1658 2630 1731 2665 est
1763 2624 1891 2678 quod
1907 2635 1948 2667 30

645 2797 667 2816 1.
688 2788 732 2815 A:
752 2786 925 2822 Capitulum
939 2793 991 2814 2⁷¹1·
1007 2786 1054 2814 De
1066 2789 1230 2821 potestate.
1305 2785 1333 2813 3.
1353 2786 1381 2813 A
1396 2785 1427 2813 in
1442 2793 1556 2820 marg.:
1577 2785 1764 2812 Potestatem
1778 2783 1891 2810 habere

572 2834 616 2862 ad
633 2834 753 2869 aliquid
763 2833 950 2869 faciendum
960 2843 970 2865 ‚·
990 2833 1027 2860 B:
1049 2833 1234 2860 Potestatem
1250 2832 1371 2859 habere.
1448 2840 1475 2866 2,
1492 2831 1521 2859 3.
1541 2832 1585 2858 A:
1598 2830 1786 2866 faciendum
1804 2830 1892 2857 aliud

573 2881 643 2907 nisi.
723 2879 750 2908 8.
776 2881 806 2907 A
831 2880 862 2907 in
889 2888 1003 2914 marga
1031 2887 1055 2906 ι.
1137 2887 1180 2907 12.
1208 2880 1236 2906 A
1263 2878 1293 2905 in
1322 2886 1437 2914 marg:
1467 2884 1492 2903 2.
1576 2877 1619 2905 16.
1647 2876 1766 2905 Codd.:
1794 2879 1821 2903 et
1845 2876 1889 2903 sic

577 2925 669 2953 Deus.
745 2933 789 2961 17.
810 2927 838 2953 A
858 2925 889 2953 in
910 2933 1024 2960 marg:
1044 2933 1078 2960 3.
