2078 3338
221 264 309 293 cm.
330 254 398 312 xr]
613 268 670 298 DF,
696 267 981 299 POTEsTATE
1009 268 1139 299 PAPE.
1747 272 1765 297 2
1776 262 1827 308 80

219 371 410 413 manicis
461 371 534 412 usi
577 371 767 411 fuerunt
816 371 1083 412 huiusmodi
1132 371 1436 420 indumentis;
1491 377 1539 412 et
1587 382 1793 445 tgtrsjffiffifflss

221 442 420 481 eundem
454 454 644 481 sensum
676 440 921 490 misticum,
956 453 1094 494 quem
1125 441 1271 481 habet
1304 441 1460 481 casula
1491 440 1540 480 in
1613 452 1697 480 what
1717 453 1767 479 the

219 509 513 564 presbiteris,
545 511 693 550 habet
725 509 968 550 dalmatica
998 510 1046 550 in
1077 509 1256 558 levitis3
1291 509 1384 563 ipsi
1417 510 1539 550 enirn
1569 486 1810 557 Cligssugiieefftffs

218 580 434 634 paracius
467 585 515 620 et
546 580 759 633 asperius
805 581 984 620 debent
1028 579 1269 620 caritative
1307 581 1540 633 proficere

186 655 452 703 §tamquam
486 650 602 690 alter
622 649 909 690 Laurencius
943 663 1080 703 quam
1112 648 1370 703 presbiteri
1403 650 1540 690 etatis

222 726 269 760 et
302 719 517 772 corporis
551 718 795 773 gravioris,

280 788 524 841 Quotlibet
556 794 664 829 sunt
685 789 794 829 talia
826 788 962 842 signa
993 788 1256 829 sanctitatis
1288 788 1544 842 presbiteri

222 864 269 898 et
319 857 642 912 peroracionis
686 858 912 898 virtutum
954 857 1001 898 in
1047 857 1214 909 anima3
1268 864 1314 898 et
1365 857 1543 898 utinam

219 928 361 968 hodie
411 941 507 968 non
559 927 651 968 sint
694 927 820 969 falsa.
872 927 1175 968 Interdicitur
1220 927 1341 967 enim
1387 941 1542 968 sacer—

166 1015 206 1036 10
222 998 413 1038 dotibus
457 1004 550 1038 tam
593 999 739 1037 rubor
784 997 985 1038 vestium
1038 1010 1175 1050 quam
1219 997 1383 1037 viredo
1438 1010 1543 1037 cum

222 1067 320 1109 aliis
352 1068 640 1109 novitatibus
672 1067 928 1120 mundanis,
969 1068 1025 1107 ad
1058 1068 1375 1107 denotandum
1414 1067 1543 1120 quod

221 1138 474 1179 crudelitas
518 1137 695 1179 lasciva
739 1143 787 1177 et
819 1136 1092 1177 secularitas
1138 1142 1247 1178 sunt
1276 1136 1324 1176 in
1357 1136 1540 1177 clericis

221 1208 568 1260 suspendenda.
617 1206 838 1247 Latitudo
884 1220 1000 1246 vero
1047 1219 1223 1246 corone
1268 1205 1424 1259 signat
1456 1219 1542 1258 per
1563 1227 1776 1262 Signiffiffliffl,
1799 1231 1831 1256 ot

220 1277 518 1318 abrasionem
532 1276 862 1330 temporalium
879 1276 1255 1317 denudacionem
1268 1275 1539 1316 intellectus
1582 1263 1631 1289 ὼε
1652 1267 1788 1299 ῙΟΠΜΘ’

167 1351 269 1387 15et
311 1346 507 1387 affectus
540 1348 597 1387 ad
641 1348 769 1387 bona
814 1360 906 1400 que
951 1360 1134 1387 sursum
1168 1352 1287 1386 sunt.
1333 1345 1538 1386 Abrasio

219 1429 334 1457 vero
378 1416 580 1470 pilorum
623 1416 671 1456 in
705 1416 880 1457 circulo
926 1429 1149 1456 sensuum
1182 1415 1451 1469 specialiter
1493 1415 1541 1455 in

217 1485 454 1539 religiosis
488 1486 643 1539 signat
667 1485 1046 1526 subtraccionem
1078 1484 1421 1538 temporalium,
1453 1498 1541 1538 per

219 1569 311 1609 que
355 1569 523 1596 sensus
571 1555 849 1596 secularium
901 1555 1210 1606 suffocantur3
1264 1560 1311 1594 et
1364 1568 1539 1595 corona

216 1625 402 1666 iusticie
448 1631 732 1679 expectatur
774 1626 822 1666 in
856 1625 935 1679 eis,
981 1639 1084 1666 cum
1130 1625 1187 1665 ad
1224 1624 1540 1665 imitacionem

161 1712 203 1734 20
216 1695 442 1749 Apostoli
474 1695 708 1749 castigant
737 1708 909 1748 corpus
943 1709 1077 1735 suurn
1111 1701 1159 1735 et
1189 1694 1237 1734 in
1260 1695 1538 1735 servitutem

214 1765 441 1819 redigunt
456 1765 617 1806 stricte
635 1764 847 1806 contenti
860 1765 1179 1819 presentibus.
1193 1765 1252 1806 Et
1267 1764 1334 1806 sic
1348 1765 1539 1805 videtur

97 1839 178 1875 2331‘
216 1835 355 1875 michi
382 1836 386 1890 Ι
416 1836 544 1889 quod
577 1849 714 1876 omne
738 1849 890 1889 genus
919 1836 1151 1876 viancium
1185 1850 1209 1876 a
1232 1835 1418 1876 Christo
1451 1848 1539 1888 per
1611 1851 1662 1874 100
1682 1848 1763 1876 often

216 1911 469 1958 peccatum
501 1906 768 1946 adulterans
799 1911 871 1946 est
894 1918 1059 1946 saccus
1082 1906 1252 1959 plenus
1274 1905 1535 1958 mendacio,
1617 1882 1767 1952 sigisiiigd

217 1975 284 2015 sic
328 1976 457 2029 quod
500 1977 558 2016 ad
602 1989 788 2016 omnem
831 1981 1058 2029 punctum
1102 1975 1253 2016 nostri
1298 1981 1372 2015 est
1408 1988 1535 2015 men-

159 2050 199 2083 25
217 2045 398 2086 dacium
462 2059 566 2086 cum
616 2051 831 2099 peccato,
893 2045 960 2086 sic
1023 2046 1153 2098 quod
1206 2045 1537 2085 deserentibus

217 2114 428 2156 Christus
464 2120 511 2155 et
532 2115 856 2156 necessariora
887 2117 1014 2156 bona
1044 2116 1217 2155 mundo
1258 2115 1537 2155 abscondita

214 2190 378 2238 potest
421 2185 653 2225 verificari
700 2185 875 2226 dictum
920 2184 1094 2226 Christi
1124 2185 1289 2227 Matth.
1322 2184 1436 2236 XII,
1483 2197 1535 2236 39

219 2253 467 2296 Generaclo
493 2267 650 2307 prava
682 2258 720 2296 et
751 2257 963 2296 adultera
994 2257 1179 2308 signum
1211 2256 1366 2307 querit.
1421 2254 1536 2295 Cum

216 2325 338 2365 enim
371 2324 675 2365 sensibilibus
710 2330 758 2365 et
790 2324 1034 2364 mundanis
1068 2324 1308 2374 afficimur,
1343 2325 1401 2364 de
1444 2324 1535 2364 illis

157 2400 200 2432 30
214 2394 459 2447 loquimur,
492 2394 569 2434 illa
598 2394 929 2447 prosequimur
975 2400 1022 2434 et
1052 2394 1100 2434 in
1131 2394 1220 2434 illis
1254 2393 1426 2434 affectu
1458 2395 1534 2435 de-

215 2464 390 2504 lectato
423 2463 708 2517 postpositis
732 2464 1054 2517 spiritualibus
1088 2464 1362 2517 quietamur.
1395 2464 1533 2504 Unde

216 2533 400 2589 signum
431 2534 569 2575 huius
593 2540 666 2574 est
695 2535 826 2587 quod
848 2547 935 2574 nos
960 2534 1086 2587 cleri,
1121 2533 1312 2575 dimisso
1338 2534 1535 2588 signato,

284 2705 311 2735 3.
334 2706 450 2735 Codd.:
479 2707 675 2740 dyalmatica.
756 2713 784 2742 7.
807 2707 925 2734 Codd.:
950 2707 1101 2742 Quolibet.
1182 2706 1210 2735 8.
1230 2707 1470 2742 peromcz'onz's‚·
1496 2715 1534 2734 an

211 2753 462 2787 preparat-ionis.
539 2752 565 2780 8.
584 2753 683 2780 Codd.
699 2753 730 2780 in
747 2761 860 2787 marg:
883 2753 972 2780 Vestis
987 2754 1081 2780 rubea
1096 2756 1126 2780 et
1137 2753 1248 2780 viridis
1259 2756 1304 2780 est
1322 2754 1535 2781 sacerdotibus

208 2799 381 2833 prohibita.
455 2808 481 2834 9.
512 2800 610 2827 Codd.
638 2800 667 2826 in
695 2807 809 2834 marg:
837 2799 935 2827 Plala.
1010 2807 1060 2827 22.
1089 2798 1188 2826 Codd.
1217 2799 1247 2826 in
1275 2808 1389 2835 marg:
1420 2801 1534 2828 Saccus

211 2845 321 2879 plenus
341 2846 511 2872 mendacio.
587 2845 635 2873 28.
657 2846 756 2874 Codd.
779 2846 809 2873 in
832 2853 948 2881 marg:
974 2845 1146 2881 Sz'gnorum
1173 2847 1271 2873 cultus
1297 2851 1341 2874 est
1361 2848 1533 2883 generacio

211 2899 320 2925 prava.

282 2954 323 2978 De
340 2955 491 2980 Potestate
507 2956 593 2983 Papo.
1356 2964 1393 2996 19
