2078 3338
279 282 292 307 1
303 279 358 318 50
1007 279 1230 311 „IOHANNIS
1256 279 1442 311 WYCLIF
1681 266 1788 324 [CAP.
1812 278 1877 307 vn.

561 387 797 434 ponentes
813 388 1064 436 utrumque
1088 396 1249 423 eorum
1265 396 1372 424 esse
1386 385 1564 424 bonum
1588 385 1880 425 sacerdotem

561 457 702 505 atque
748 452 1039 502 catholicum,
1095 453 1248 506 parati
1293 458 1402 493 sunt
1445 453 1641 493 obedire
1692 454 1879 507 utrique

562 522 821 562 secundum
836 522 1048 573 formam,
1081 535 1172 575 qua
1192 522 1459 576 Apostolus
1483 522 1697 564 obedivit
1719 523 1879 564 debite

559 592 703 631 beato
734 590 895 632 Petro.
947 591 1010 632 Et
1042 591 1325 645 quicumque
1364 592 1622 634 extorserit
1659 593 1880 633 maiorem

561 660 889 701 obedienciam
942 667 1014 702 est
1058 667 1325 715 suspectus.
1397 662 1569 703 Petrus
1614 662 1736 703 enim
1784 667 1913 703 non5

559 730 706 784 peciit
736 732 1062 772 obedienciam
1099 731 1323 773 maiorem
1354 745 1380 772 a
1410 733 1591 786 populo
1628 732 1718 773 nisi
1752 732 1881 785 quod

562 801 779 841 credatur
813 802 933 842 fides
973 801 1148 842 Christi
1187 808 1236 842 et
1273 801 1530 842 efficaciter
1568 815 1715 856 opere
1754 815 1878 842 com-

560 872 757 924 pleatur.
810 870 920 911 Non
964 871 1085 912 enim
1128 871 1276 925 peciit
1308 871 1681 913 dominacionem
1719 871 1878 922 seculi,

288 957 355 986 The
398 959 473 985 nave
494 966 533 985 no
560 940 809 993 pecuniam
840 941 919 981 vel
950 940 1170 994 vectigal.
1215 940 1317 982 Nec
1349 942 1515 983 subest
1553 941 1686 982 alteri
1718 954 1880 982 eorum

297 998 520 1056 (ᾗὲἷωοῇξζᾶἷέ
563 1009 815 1050 auctoritas
847 1011 954 1064 plus
978 1011 1222 1064 querendi,
1255 1016 1302 1051 et
1333 1010 1605 1064 specialiter
1620 1011 1678 1051 de
1706 1010 1879 1064 regnis,
1899 1026 1938 1048 10

340 1063 471 1125 ³5¹3ngss
560 1079 751 1132 populis
783 1080 862 1119 vel
892 1080 1111 1133 personis
1146 1080 1385 1133 exigendo
1417 1080 1643 1134 pecunias
1671 1081 1749 1121 vel
1779 1080 1878 1134 pin-

313 1133 503 1207 ξῖἷὲἓέἦῇὲῗξ
560 1148 722 1202 guium
781 1150 1121 1190 beneficiorum
1185 1150 1479 1201 collaciones‚
1544 1150 1633 1191 nisi
1682 1150 1878 1191 fundare

328 1202 480 1238 ¹⁰sd⁵h¹p'
560 1218 753 1259 sciverit
792 1232 853 1259 ex
889 1219 1079 1260 racione
1117 1220 1196 1260 vel
1233 1219 1465 1273 scriptura
1503 1220 1632 1273 quod
1666 1219 1879 1260 Christus

559 1288 637 1328 vel
658 1288 829 1329 Petrus
853 1289 1180 1330 obedienciam
1211 1289 1479 1330 huiusmodi
1507 1289 1781 1330 vendicavit
1801 1290 1879 1330 vel

560 1358 725 1399 debuit
755 1358 1022 1400 vendicare.
1075 1358 1126 1401 Si
1170 1365 1325 1400 autem
1369 1361 1486 1400 alter
1530 1373 1693 1400 eorum
1725 1372 1877 1415 regno
1897 1364 1935 1397 15

558 1428 633 1468 vel
672 1428 855 1481 populo
893 1428 1034 1468 fidem
1067 1427 1240 1469 Christi
1277 1428 1525 1482 predicare
1562 1428 1768 1469 voluerit
1800 1428 1879 1469 vel

557 1497 699 1538 fidem
720 1503 992 1551 susceptam
1012 1497 1160 1539 instar
1178 1498 1311 1538 Petri
1332 1499 1609 1539 confirmare
1631 1498 1876 1551 miraculis,

558 1567 748 1608 videtur
797 1567 937 1608 michi
987 1569 1116 1621 quod
1158 1569 1365 1622 populus
1411 1574 1652 1623 gratanter
1706 1569 1879 1610 debeat

560 1637 767 1690 obedire,
801 1637 1174 1678 dominacionem
1207 1644 1361 1679 autem
1392 1645 1444 1680 ut
1465 1652 1699 1679 venenum
1732 1638 1878 1679 debet

560 1709 817 1761 expellere,
851 1708 1034 1762 gracias
1067 1721 1215 1762 agens
1237 1708 1357 1760 Deo,
1390 1708 1470 1762 qui
1501 1708 1799 1751 abbreviavit
1829 1713 1878 1748 et
1895 1724 1935 1746 20

561 1778 746 1821 detexit
776 1792 1065 1819 venenosam
1101 1779 1398 1833 tyrannidem
1430 1778 1723 1820 Antichristi.
1774 1777 1878 1819 Nec

558 1854 748 1889 moveat
769 1849 899 1902 quod
919 1854 1136 1902 tempora
1156 1849 1246 1890 ista
1267 1854 1375 1890 sunt
1395 1862 1643 1902 prospera,
1667 1847 1877 1889 Christus

561 1924 716 1959 autem
760 1918 886 1972 dicit,
932 1920 1061 1972 quod
1112 1923 1174 1960 est
1216 1920 1455 1959 tribulacio
1498 1927 1685 1972 magna,
1729 1919 1879 1970 qualis

559 2001 795 2042 nunquam
805 1988 918 2040 fuit.
950 1988 1181 2042 Loquitur
1204 1995 1358 2030 autem
1381 1989 1440 2029 de
1459 1988 1712 2029 miserabili
1732 1987 1876 2028 tribu-

558 2058 741 2099 lacione
774 2058 924 2099 anime
956 2058 1158 2099 maxima
1191 2072 1283 2112 que
1326 2059 1416 2099 iam
1445 2059 1602 2109 instat,
1636 2058 1745 2111 quia
1773 2058 1874 2098 dor·
1895 2065 1934 2097 25

558 2127 697 2168 micio
722 2126 943 2181 Symonis
968 2134 1015 2169 et
1037 2128 1175 2169 Yude
1204 2128 1365 2182 vigilia
1394 2128 1442 2169 in
1476 2128 1670 2169 cautelis
1703 2127 1880 2168 faciunt

558 2197 765 2252 litargire
804 2198 929 2251 quod
971 2198 1104 2239 multi
1141 2211 1342 2251 sompno
1379 2198 1567 2239 letifero
1597 2197 1601 2252 Ι
1628 2196 1878 2238 insensibi-
1925 2202 2000 2247 198⁰

305 2274 425 2314 wycljf
440 2274 501 2302 will
558 2266 668 2307 liter
688 2267 956 2308 moriantur.
979 2267 1182 2309 Paratus
1201 2281 1305 2308 sum
1333 2271 1485 2309 autem
1506 2280 1719 2308 revocare
1740 2268 1878 2308 istam

273 2310 546 2372 recaffltet‘tteiiught
559 2337 847 2389 sentenciam,
870 2338 994 2378 docto
1019 2339 1137 2391 quod
1156 2338 1215 2378 sit
1236 2338 1472 2378 contraria
1483 2337 1602 2389 fidei
1622 2338 1877 2378 christiane.

563 2405 660 2446 Sed
702 2405 892 2447 videtur
946 2406 1086 2447 michi
1127 2406 1319 2447 indubie
1365 2408 1492 2460 quod
1542 2419 1637 2446 non
1681 2406 1878 2460 amplius
1896 2413 1937 2446 30

562 2489 698 2529 quam
721 2481 963 2516 ostensum
987 2483 1071 2530 est,
1096 2477 1240 2519 debet
1263 2477 1519 2517 catholicus
1547 2477 1689 2517 talem
1712 2478 1879 2517 ducem

562 2545 698 2598 sequi
729 2546 807 2586 vel
840 2546 883 2586 ei
913 2552 965 2588 ut
997 2546 1168 2588 Christi
1198 2546 1374 2587 vicario
1411 2546 1620 2599 obedire,
1661 2552 1709 2588 et
1738 2546 1879 2587 nichil

634 2706 660 2733 5.
681 2706 735 2733 AB
757 2706 787 2733 in
809 2714 924 2741 marg:
948 2706 1083 2734 obedire
1098 2715 1188 2742 pape.

634 2791 685 2823 23.
712 2789 831 2823 Matth.
858 2790 977 2832 XXIV,
1005 2799 1057 2821 21.
1161 2788 1214 2822 28.
1246 2790 1283 2821 In
1315 2789 1632 2821 Protestationibus
1662 2791 1690 2824 J.
1718 2790 1774 2823 W.
1805 2789 1877 2834 (ed.

563 2846 695 2891 Htffler,
727 2850 826 2879 Anna
852 2858 883 2881 v.
911 2848 1133 2889 Luxemburg
1163 2848 1197 2878 in
1229 2847 1496 2879 Denkschriften
1530 2848 1590 2879 der
1615 2848 1760 2880 Wiener
1784 2848 1876 2880 Aka-

563 2905 677 2936 demie
709 2904 866 2948 187ol71,
894 2916 926 2947 p.
958 2903 1033 2948 147)
1059 2905 1146 2937 haec
1172 2906 1379 2947 protestacio
1406 2906 1512 2937 deest.
