2078 3338
249 266 298 313 78
971 274 1197 307 JOHANle
1223 275 1411 307 WYcLff
1665 266 1772 319 [CAP.
1800 274 1853 302 μ’.

539 379 680 420 nichil.
712 380 800 420 sibi
837 381 1159 421 contulerant?
1195 379 1336 420 Cuius
1371 394 1537 421 sensus
1569 388 1857 436 repugnaret

540 450 617 490 isti
640 451 770 504 quod
792 450 965 491 Paulus
989 450 1301 491 necessitatus
1324 450 1412 490 fuit
1442 451 1656 504 accipere
1692 452 1857 493 autori-

541 520 733 560 tativam
765 526 1056 574 potestatem
1090 534 1113 561 a
1144 521 1303 561 Petro.

600 589 662 630 Et
694 591 749 630 ad
782 591 906 630 idem
937 590 1069 631 vadit
1099 592 1370 632 secundum
1402 595 1599 634 verbum
1632 592 1761 646 quod
1793 592 1857 633 illi

543 659 745 713 apostoli
776 661 1048 713 gaudebant
1086 662 1214 714 quod
1245 662 1511 701 habuerunt
1551 662 1667 702 tales
1701 662 1857 703 socios

542 729 589 769 in
613 729 813 770 dextero
836 730 1029 770 brachio
1055 737 1217 771 sancte
1247 732 1251 783 Ι
1282 731 1494 782 ecclesie,
1526 731 1615 772 ista
1638 732 1858 785 (inquam)

545 799 867 851 apostolorum
920 799 1124 840 societas
1174 800 1452 840 excluderet
1506 801 1700 841 eosdem
1753 815 1858 842 esse

545 868 761 909 subditos
806 883 829 909 a
871 870 1072 923 paritate
1116 870 1371 923 potestatis
1405 884 1497 910 non
1533 870 1860 911 auctoritative

543 939 621 977 vel
651 938 1010 979 iurisdicionalis
1035 952 1180 992 super
1204 939 1466 980 consocios.
1499 940 1559 979 Et
1580 939 1705 979 idem
1727 945 1863 992 patet

544 1021 633 1061 per
664 1009 756 1048 hoc
789 1010 916 1062 quod
947 1009 1122 1049 Paulus
1161 1009 1440 1063 reprobavit
1469 1010 1663 1050 Petrum
1701 1010 1748 1050 in
1780 1022 1862 1049 sua

541 1078 807 1131 parrochia3
831 1078 938 1119 ideo
962 1078 1084 1119 absit
1108 1079 1290 1119 fidelem
1310 1080 1606 1119 crederehoc
1631 1080 1689 1119 de
1702 1079 1861 1132 Petro,

546 1161 648 1188 cum
692 1148 797 1201 ipse
845 1150 1168 1201 apostolorum
1212 1149 1494 1189 humillimus
1543 1149 1659 1190 fecit
1692 1155 1862 1190 cuncta

545 1231 630 1258 sua
652 1231 798 1271 opera
819 1224 932 1271 post
955 1219 1278 1259 ascensionem
1302 1219 1584 1259 auctoritate
1606 1225 1654 1259 et
1674 1219 1860 1259 nomine

544 1287 685 1327 Ihesu
706 1288 847 1328 nichil
879 1288 1144 1329 auctoritati
1168 1301 1251 1328 sue
1283 1288 1559 1341 attribuens,
1595 1287 1701 1342 quia
1729 1288 1862 1329 aliter

544 1363 646 1399 tota
683 1357 916 1410 scriptura
952 1358 1065 1398 illud
1105 1357 1360 1398 obmittens
1400 1357 1525 1398 foret
1563 1357 1752 1398 nimium
1785 1359 1860 1398 de-
1904 1360 1918 1392 5

265 1433 468 1497 0οηςὲξέἓᾶ
491 1474 521 1497 m
545 1426 732 1467 fectiva.
765 1427 935 1467 Tercio
970 1427 1270 1467 confirmatur
1302 1428 1360 1467 de
1392 1426 1723 1467 iurisdiccione
1757 1429 1863 1468 data

260 1502 531 1566 εὲἓεῃάεθιέοἳὲεἲεὴθ
548 1496 810 1536 comuniter
855 1497 1034 1537 cunctis
1083 1496 1313 1551 apostolis
1356 1496 1519 1537 Matth.
1563 1497 1724 1537 ultimo
1769 1503 1862 1538 tam

278 1572 377 1600 whole
396 1574 504 1602 world.
547 1567 701 1619 quoad
743 1567 898 1606 locum
943 1581 1078 1620 quam
1122 1568 1364 1620 populum.
1415 1566 1538 1606 Data
1582 1571 1655 1616 est,
1699 1567 1861 1621 inquit,

547 1636 684 1676 michi
721 1639 922 1688 potestas
969 1637 1012 1676 in
1058 1638 1145 1676 celo
1194 1640 1232 1676 et
1273 1637 1321 1676 in
1353 1640 1492 1688 terra,
1539 1641 1689 1677 euntes
1722 1638 1864 1690 igitur

546 1705 693 1745 docete
744 1718 899 1745 omnes
952 1709 1106 1758 gemes
1155 1718 1339 1746 servare
1396 1707 1553 1746 omnia
1610 1719 1863 1759 quecunque

547 1775 769 1815 mandavi
813 1776 945 1815 vobis.
996 1775 1057 1815 Et
1100 1774 1212 1817 Mar.
1257 1774 1417 1815 ultimo
1462 1775 1684 1816 limitatur
1732 1775 1861 1816 iuris-

548 1843 745 1884 dicionis
785 1845 937 1885 locus:
990 1843 1170 1897 Emzz‘es,
1209 1844 1373 1898 inquit,
1410 1845 1456 1884 in
1495 1846 1717 1885 mundum
1757 1846 1861 1885 uni—

550 1926 741 1963 versnm,
778 1915 1008 1966 predicate
1047 1915 1330 1967 evangelium
1365 1915 1490 1954 omui
1521 1918 1748 1963 creatura·
1783 1914 1864 1954 ubi

547 1988 682 2036 patet
725 1983 875 2036 primo
928 1984 1056 2036 quod
1106 1983 1356 2037 alloquitur
1403 1996 1566 2024 omnes
1617 1985 1863 2036 apostolos

1904 731 1981 765 180³

1883 1022 1921 1042 10

1880 1717 1922 1738 20

547 2066 634 2105 pro
671 2066 721 2092 se
755 2058 802 2093 et
833 2052 929 2092 suis
958 2052 1155 2094 vicariis.
1186 2053 1414 2106 Apostoli
1447 2053 1568 2093 enim
1600 2053 1786 2094 iverunt
1817 2053 1863 2093 in
1880 2056 1919 2088 23

548 2122 742 2175 Asyam,
758 2122 966 2163 Africam
984 2128 1030 2163 et
1044 2123 1302 2176 Europam:
1328 2128 1374 2163 et
1391 2136 1478 2175 per
1495 2136 1679 2162 omnem
1693 2128 1863 2163 terram

546 2192 851 2233 habitabilem
897 2192 1046 2232 exivit
1078 2193 1226 2233 virtus
1272 2192 1497 2232 sermonis
1539 2206 1712 2239 eorum,
1758 2192 1865 2246 quia

550 2262 616 2314 (ut
648 2267 780 2315 patet
813 2275 873 2301 ex
907 2262 1181 2315 sepedictis)
1215 2275 1310 2302 non
1344 2267 1417 2302 est
1439 2262 1591 2315 aliqua
1611 2275 1720 2315 pars
1737 2267 1863 2302 terre

548 2332 626 2371 vel
665 2332 838 2381 mundi,
884 2333 994 2385 quin
1032 2332 1337 2385 spiritualiter
1375 2334 1577 2372 aleretur
1616 2345 1676 2371 ex
1710 2331 1863 2385 predi-

550 2401 742 2441 cacione
775 2402 1011 2454 evangelii
1043 2415 1130 2455 per
1160 2407 1443 2454 potestatem
1480 2402 1632 2441 datam
1665 2401 1862 2442 Christo.

548 2471 609 2511 Et
649 2471 716 2511 sic
755 2472 1018 2511 docuerunt
1054 2471 1256 2511 mediate
1294 2472 1371 2511 vel
1409 2470 1674 2511 immediate
1713 2470 1865 2511 omnia

549 2554 727 2593 genera
771 2541 1001 2593 gentium:
1052 2540 1247 2590 Grecos,
1291 2540 1482 2580 Latinos
1531 2546 1577 2580 et
1623 2541 1861 2580 barbaros.

622 2768 665 2787 12.
693 2758 812 2786 Codd.:
834 2759 989 2786 humilius.
1065 2766 1113 2786 22.
1133 2759 1161 2785 A
1182 2758 1212 2785 iu
1235 2765 1347 2792 marg:
1374 2757 1513 2784 Potestas
1539 2756 1766 2784 iurisdiccc'onis
1791 2755 1863 2782 dala

550 2809 594 2833 est
619 2805 763 2833 omnibus.

630 2898 1172 2940 18.Nmnh.XXVHL18-40.
1269 2907 1322 2929 22
1350 2899 1444 2929 Mam
1481 2897 1630 2940 XV‚15

1881 2404 1922 2436 So
