2078 3338
288 279 369 326 358

322 598 405 625 Most
424 597 459 624 of
475 596 513 624 all

334 633 384 659 the
426 636 509 659 must

305 667 372 694 avoi
417 666 543 701 cursing

352 702 482 728 because

304 736 472 770 temporals
493 744 543 763 are

357 770 489 798 refused.

298 1361 324 1387 It
344 1361 371 1388 is
392 1360 457 1387 said
478 1360 544 1387 that

322 1396 348 1423 if
364 1395 415 1422 the
436 1394 510 1430 laity

290 1430 473 1469 judgethey
491 1430 552 1457 will

311 1465 436 1500 deprive
457 1472 532 1491 even

1015 285 1239 316 JOHANle
1268 285 1451 316 WYCLIF
1693 273 1800 325 [CAP.
1823 284 1888 312 xu.

576 403 679 429 cum
722 388 873 442 ipsam
915 388 1190 429 intraverint
1232 388 1505 442 premiandi,
1558 388 1660 442 quis
1700 389 1890 440 dubitat,

577 458 688 511 quin
720 458 855 511 primi
887 458 1124 498 excedent
1151 458 1414 498 secundos?
1449 457 1892 511 Correspondenter

576 534 650 569 est
682 528 740 568 de
773 527 1009 568 viantibus
1043 527 1100 567 ad
1130 526 1327 580 patriam
1360 527 1676 567 senciendum.

633 596 731 638 Sed
775 601 998 637 caveatur
1040 596 1187 637 tercio
1232 610 1292 636 ne
1337 597 1394 636 ad
1427 596 1721 649 querendum
1753 597 1890 637 nobis

574 668 699 706 bona
741 664 979 720 superflua
1024 672 1071 706 et
1112 665 1291 706 itineris
1335 666 1393 705 ad
1434 665 1630 719 patriam
1662 666 1923 707 tardativa5

575 736 858 776 menciamur
889 735 1117 775 blasfeme
1147 735 1205 775 de
1235 735 1481 788 scriptura,
1515 735 1728 776 dicentes
1762 737 1891 789 quod

576 805 634 845 de
679 806 787 860 lege
819 804 1012 845 Domini
1050 804 1278 846 debemus
1323 804 1709 846 anathematizare
1761 805 1890 845 stric-

574 874 753 915 tissime
785 887 873 927 pro
904 873 1232 927 temporalium
1264 874 1538 927 negacione,
1578 879 1626 915 et
1662 874 1729 914 sic
1761 874 1889 915 solli-

576 944 771 984 citemur
803 943 1003 984 sollicite
1038 944 1214 996 exequi
1247 943 1531 984 tradiciones
1571 944 1629 984 ad
1658 944 1750 984 hoc
1783 957 1890 984 con-

576 1013 708 1064 ditas,
759 1012 865 1066 quia
915 1013 1007 1053 hoc
1058 1012 1193 1053 nimis
1239 1027 1300 1053 ex
1343 1012 1622 1053 Antichristi
1669 1013 1949 1067 dogmate1o

574 1083 782 1124 tardaret
815 1096 839 1122 a
869 1082 1033 1135 patria,
1078 1088 1212 1136 patet
1244 1083 1512 1123 destruccio
1543 1082 1679 1123 huius
1710 1083 1890 1124 heresis

573 1152 701 1192 Luce
745 1151 821 1191 IX
866 1157 913 1192 et
957 1165 1043 1205 per
1073 1152 1231 1204 legem
1263 1165 1386 1205 pape
1427 1152 1659 1205 Gregorii,
1698 1152 1889 1203 XXIII,

578 1222 829 1275 questione
853 1221 933 1273 IV,
965 1222 1089 1262 Inter
1120 1224 1338 1274 querelas,
1371 1211 1452 1263 u'bi
1485 1222 1683 1263 docetur
1705 1235 1801 1262 non
1823 1222 1891 1263 sic

573 1305 662 1345 pro
695 1291 1037 1344 temporalibus
1069 1290 1415 1332 vindicandum.

635 1360 732 1402 Sed
776 1361 921 1401 tercio
966 1360 1168 1401 obicitur
1205 1374 1293 1414 per
1323 1362 1415 1401 hoc
1448 1362 1575 1415 quod
1607 1361 1742 1402 iuxta
1770 1363 1945 1402 hanC15

575 1431 696 1471 viam
734 1431 908 1471 nedum
953 1430 1278 1471 detinerentur
1322 1431 1503 1471 decime
1548 1436 1595 1472 et
1625 1437 1889 1485 proventus

286 1500 336 1527 1h<³
357 1499 438 1539 ἑφθά
458 1500 561 1535 0¹⁶³¹⁴gy
577 1500 780 1541 ecclesie
814 1514 838 1540 a
870 1500 1181 1541 cardinalibus
1206 1506 1251 1540 et
1275 1500 1551 1555 alienigenis
1572 1501 1779 1554 indignis
1802 1515 1889 1542 nec

353 1536 385 1562 ot
405 1534 485 1561 their

351 1573 493 1604 support.

332 2055 381 2081 All
404 2062 515 2090 money

328 2089 515 2116 withdrawn

339 2124 450 2151 should
473 2124 508 2151 be

364 2159 486 2193 appued

297 2197 328 2220 to
349 2194 440 2229 pious
461 2202 541 2221 uses.

575 1572 725 1611 solum
770 1571 826 1610 ab
874 1570 1087 1610 ecclesiis
1133 1570 1449 1624 appropriatis
1499 1570 1736 1624 religiosis
1783 1573 1889 1612 sub-

572 1640 869 1681 trahentibus
915 1639 1126 1681 debitum
1177 1639 1374 1680 rectoris
1427 1639 1645 1691 officium,
1697 1641 1783 1681 sed
1832 1642 1888 1681 ab

574 1709 774 1750 assiduis
817 1709 1084 1751 rectoribus
1115 1709 1367 1763 vigilanter
1411 1709 1741 1761 residentibus,
1786 1724 1889 1752 cum
1904 1722 1948 1744 20

575 1785 738 1833 aperta
770 1778 830 1819 sit
861 1779 936 1819 via
966 1779 1114 1833 laycis
1149 1780 1207 1819 ad
1228 1779 1526 1820 iudicandum
1550 1780 1608 1819 de
1631 1780 1888 1822 ministerio

575 1848 646 1889 sui
676 1848 911 1902 prepositi
944 1854 991 1889 et
1023 1849 1392 1890 subtrahendum
1437 1850 1495 1890 de
1540 1849 1777 1904 stipendio
1817 1863 1888 1891 se-

577 1919 779 1958 cundum
812 1931 946 1958 suum
977 1917 1199 1959 iudicium
1233 1918 1600 1960 diminuerentur
1625 1925 1888 1973 proventus

576 1986 778 2028 ecclesie
811 1988 867 2027 ad
898 2000 994 2027 non
1026 1993 1259 2041 quantum.

635 2056 803 2109 Quoad
848 2056 974 2098 istud
1007 2063 1327 2111 argumentum
1360 2057 1548 2099 videtur
1584 2058 1723 2099 michi
1761 2060 1890 2113 quod
1906 2067 1945 2100 25

574 2126 726 2180 primo
773 2126 1102 2167 deficientibus
1135 2127 1333 2180 satrapis
1375 2127 1424 2167 in
1457 2128 1642 2170 casibus
1670 2127 1675 2183 1
1704 2129 1889 2169 duobus
1930 2135 2010 2168 250¹³

575 2195 826 2249 prioribus,
867 2201 913 2236 et
951 2196 1161 2236 secundo
1203 2196 1453 2237 deficiente
1484 2210 1600 2250 rege
1634 2211 1686 2238 ac
1715 2199 1889 2238 secula-

574 2265 706 2305 ribus
739 2265 951 2316 dominis,
991 2265 1070 2318 qui
1102 2279 1163 2305 ex
1195 2265 1351 2306 officio
1382 2266 1691 2320 prohiberent
1722 2281 1781 2307 ne
1814 2268 1890 2307 de-

577 2334 694 2375 cime
726 2334 864 2388 regni
897 2340 944 2374 et
974 2336 1099 2375 bona
1130 2349 1394 2388 pauperum
1426 2335 1581 2376 taliter
1604 2337 1661 2377 ad
1683 2336 1889 2377 discolos

576 2404 909 2455 devolvantur;
933 2405 1140 2458 populus
1166 2405 1311 2445 debet
1326 2405 1530 2447 decimas
1547 2411 1595 2446 et
1618 2406 1889 2446 oblaciones
1906 2414 1947 2446 30

576 2487 681 2514 suas
715 2474 772 2513 ab
807 2473 874 2514 eis
908 2475 1209 2514 concorditer
1241 2482 1289 2515 et
1321 2480 1592 2517 constanter
1614 2476 1889 2517 subtrahere

576 2548 623 2583 et
665 2542 713 2582 in
755 2543 869 2583 alios
912 2543 1019 2597 pios
1063 2557 1175 2584 usus
1222 2545 1508 2598 expendere,
1553 2559 1656 2585 cum
1689 2545 1891 2598 predicti

575 2612 743 2653 discoli
773 2613 1052 2654 Antichristi
1085 2613 1302 2667 discipuli
1333 2628 1428 2655 non
1460 2620 1569 2655 sunt
1598 2615 1675 2666 illi,
1721 2615 1890 2669 quibus

644 2780 673 2806 4.
691 2770 789 2798 Codd.
805 2771 835 2798 in
851 2779 967 2806 marg.:
988 2771 1129 2808 Exigere
1139 2780 1199 2807 per
1212 2773 1559 2801 excommzmicacionem
1573 2773 1716 2802 decimas.
1794 2782 1834 2802 11.
1849 2774 1888 2803 B:

574 2818 714 2846 tardaret
735 2818 827 2846 deest.
904 2817 946 2846 16.
970 2817 1008 2846 B:
1029 2818 1231 2846 detineretur.

649 2901 698 2933 13.
717 2901 850 2932 Decreti
870 2901 1030 2933 Secunda
1049 2901 1131 2933 Pars
1150 2901 1262 2933 Causa
1280 2902 1380 2943 XXII,
1410 2902 1550 2942 Quaest.
1569 2902 1628 2943 IV,
1650 2903 1733 2945 Cap.
1753 2903 1886 2936 XXVII.
