2078 3338
249 260 339 288 CAP.
359 253 428 304 XL]
649 266 707 296 ΒΕ
734 264 1016 296 POTESTATE
1042 265 1172 297 ΡΑΡΕ.
1775 270 1822 309 27
1838 271 1851 297 1

249 369 302 408 In
344 368 451 422 ipso
497 374 652 408 autem
697 381 898 409 necesse
945 368 1032 409 fuit
1075 370 1273 408 verbum
1316 369 1411 409 Dei
1463 383 1568 411 esse

248 437 541 491 unigenitum
564 437 657 478 Dei
678 438 837 491 patris,
867 439 992 478 unde
1021 438 1212 478 videtur
1235 439 1364 491 quod
1388 452 1568 493 cogens

248 507 307 547 ad
353 508 639 548 credendum
684 512 735 547 ut
777 507 930 557 fidem,
984 508 1111 561 quod
1161 508 1266 561 ipse
1316 508 1375 549 sit
1428 514 1570 562 caput

248 582 409 616 sancte
441 576 601 617 matris
631 577 847 627 ecclesie,
881 577 1126 617 extollitur
1149 592 1296 631 super
1319 578 1568 628 Christum,

216 645 356 699 §quia
388 645 601 687 Christus
641 646 804 687 docuit
840 646 956 686 illud
989 647 1267 688 abscondite
1310 648 1358 688 in
1390 653 1568 688 tantum

248 716 377 768 quod
417 716 587 756 elicere
627 729 689 756 ex
727 716 961 770 scriptura
997 717 1219 757 unionem
1253 717 1569 771 ypostaticam

246 784 546 826 humanitatis
592 790 640 826 et
684 785 942 826 divinitatis
976 786 1161 835 Christi,
1207 787 1307 828 sine
1347 801 1439 840 qua
1474 800 1568 828 non

128 865 209 897 εεὸᾱ
248 853 371 894 foret
405 860 547 906 caput
575 854 854 896 universalis
891 855 1094 896 ecclesie
1128 861 1202 896 est
1232 856 1390 896 multis
1420 856 1424 911 Ι
1453 856 1570 897 diffi-

249 923 349 963 cile.
375 923 497 963 Illud
520 929 688 974 autem,
711 925 841 977 quod
864 924 1076 966 Christus
1100 925 1263 966 docuit
1294 926 1498 966 latenter
1522 930 1570 965 et

197 1015 233 1036 10
249 993 525 1033 abscondite
577 995 635 1033 de
689 1008 740 1035 se
791 994 912 1047 ipso,
963 994 1079 1034 illud
1112 995 1392 1036 docmatizat
1436 995 1569 1034 Anti-

249 1062 449 1103 christus
492 1062 772 1113 inordinate,
817 1064 1010 1117 publice
1056 1070 1105 1104 et
1139 1064 1395 1105 infideliter
1427 1065 1486 1104 de
1519 1077 1570 1105 se

246 1132 366 1185 ipso.
419 1132 692 1174 Inordinate
725 1134 846 1184 dico,
893 1134 1002 1187 quia
1038 1134 1140 1174 sine
1188 1134 1435 1175 evidencia
1478 1148 1569 1187 que

247 1202 387 1241 fidem
420 1202 644 1256 gigneret
676 1216 1002 1257 quoscumque
1039 1203 1118 1257 qui
1139 1204 1257 1244 illud
1291 1204 1571 1258 negaverint

250 1276 444 1312 conatur
497 1272 801 1326 extinguere3
858 1278 906 1312 et
955 1273 1047 1313 hoc
1100 1286 1197 1313 non
1250 1278 1324 1313 est
1365 1273 1570 1313 medium

196 1352 230 1383 15
248 1341 559 1394 apostolicum
604 1343 689 1382 sed
735 1343 1046 1396 apostaticum
1090 1343 1416 1383 antichristive
1458 1342 1571 1383 fidei

244 1410 550 1452 inductivum.

306 1479 403 1521 Sed
420 1488 584 1521 contra
601 1481 717 1521 illud
730 1481 862 1522 multi
875 1488 1080 1535 arguunt
1096 1483 1223 1535 quod
1244 1487 1338 1523 stat
1351 1481 1570 1521 feminam

247 1552 324 1590 vel
345 1552 531 1604 laycum
556 1564 662 1591 esse
684 1565 869 1605 papam,
894 1565 998 1592 cum
1019 1551 1273 1593 verisimile
1297 1552 1357 1593 sit
1382 1553 1569 1591 beatam

246 1620 480 1674 Virginem
512 1626 626 1674 post
657 1621 983 1663 ascensionem
1014 1622 1139 1662 inter
1167 1627 1354 1662 ceteros
1376 1620 1568 1675 propin-

190 1709 232 1730 20
247 1689 384 1742 quius
417 1690 553 1743 sequi
586 1690 835 1741 Christum,
869 1696 916 1731 et
948 1696 1042 1732 stat
1072 1692 1259 1744 laycum
1293 1703 1400 1731 esse
1433 1703 1568 1743 supe-

245 1759 417 1799 riorem
449 1759 496 1799 in
527 1760 736 1800 moribus
770 1773 1070 1814 quocumque
1100 1760 1384 1814 presbitero.

311 1829 397 1869 Hic
442 1829 612 1869 dicitur
654 1831 783 1883 quod
826 1831 968 1870 beata
1010 1829 1148 1882 virgo
1192 1829 1279 1869 fuit
1330 1843 1455 1882 papa
1501 1842 1568 1870 se·
1631 1839 1822 1873 Cav11;t11at

248 1900 451 1939 cundum
497 1899 831 1941 extensionem
872 1899 1073 1940 nominis
1107 1900 1292 1940 doctam
1332 1874 1849 1952 superius3docffissnkeeff'ri'euld

247 1968 334 2009 fuit
379 1968 500 2009 enim
546 1969 841 2009 excellenter
876 1968 1103 2009 mirabilis
1142 1968 1406 2018 sanctitate,
1451 1968 1572 2008 sicut
1638 1943 1803 2013 B'pgssffim

191 2047 230 2080 25
250 2044 296 2079 et
328 2038 415 2078 fuit
448 2039 692 2089 sacerdos;
743 2044 790 2078 et
834 2039 1091 2079 concordat
1123 2051 1276 2092 genus
1314 2038 1570 2093 gramatice

249 2121 352 2147 cum
397 2108 571 2149 sanctis
614 2108 783 2161 peritis
826 2108 1089 2161 linguarum
1136 2108 1204 2148 sic
1248 2109 1306 2148 de
1350 2121 1475 2161 papa
1505 2108 1570 2147 lo—

248 2177 516 2230 quentibus.
567 2177 832 2218 Limitan‘do
880 2183 1034 2218 autem
1079 2177 1265 2231 signum
1304 2178 1364 2217 ad
1396 2190 1570 2230 propo-

248 2247 400 2297 situm,
454 2247 629 2287 dictum
682 2252 755 2287 est
807 2248 937 2300 quod
986 2261 1110 2300 papa
1163 2252 1237 2287 est
1288 2246 1570 2300 quicumque

247 2317 415 2367 viator,
449 2316 529 2370 qui
551 2317 765 2370 sequitur
788 2316 1023 2357 Christum
1047 2316 1254 2366 similius,
1282 2315 1365 2357 ubi
1384 2316 1573 2355 femella

192 2395 233 2426 30
250 2387 529 2436 excluditur,
545 2386 653 2439 quia
668 2392 1096 2440 quantumcumque
1121 2386 1182 2427 sit
1203 2391 1365 2426 sancta
1385 2384 1571 2434 femina,

248 2462 449 2511 propter
479 2456 797 2496 infirmitatem
830 2469 975 2496 sexus
1007 2469 1103 2496 non
1125 2455 1412 2508 permittitur
1435 2465 1615 2494 evan-A
1634 2472 1759 2491 woman
1780 2472 1852 2500 may

250 2527 452 2581 gelizare
495 2526 686 2580 publice
729 2526 778 2565 in
823 2525 1025 2566 ecclesia
1068 2538 1159 2565 nec
1206 2538 1341 2565 orare
1381 2524 1571 2564 detecto
1614 2500 1724 2527 ΝΜ
1744 2507 1837 2534 pope'

251 2596 421 2650 capite,
459 2601 510 2636 ut
548 2595 660 2636 dicit
698 2596 963 2648 Apostolus
999 2595 1145 2648 prima
1178 2594 1283 2635 Cor.
1314 2593 1401 2634 XI.
1452 2593 1569 2633 Ideo

249 2666 414 2706 mulier
445 2679 541 2706 non
575 2671 649 2706 est
679 2665 899 2718 ydoneus
932 2664 1208 2717 capitaneus
1249 2663 1450 2704 ecclesie
1482 2675 1570 2702 nec

323 2810 343 2829 1.
367 2801 466 2828 Cocld.
488 2801 517 2828 in
538 2809 651 2836 marg:
676 2800 777 2836 Caput
801 2801 989 2829 universalis
1014 2801 1139 2828 ecclesie
1161 2808 1223 2827 non
1244 2803 1290 2827 est
1305 2808 1402 2835 papa.
1474 2807 1502 2834 9.
1524 2799 1571 2826 la-

250 2851 368 2881 tentem·
393 2847 501 2875 codd:
528 2850 681 2875 rarenter.
763 2846 940 2875 13.c0dc1.:
962 2847 1118 2883 digereret.
1194 2848 1236 2874 ιδ,
1265 2846 1365 2874 Codd.
1396 2847 1427 2873 in
1455 2853 1551 2881 marg.

251 2895 336 2930 Papa
348 2893 417 2931 fuit
436 2894 531 2930 virgo
552 2893 671 2921 Maria.
