2078 3338
149 296 237 324 cAv.
264 286 345 343 m]
549 299 607 331 DE
635 299 915 332 Po‘rsss’rATE
941 300 1071 331 PAPE.
1674 300 1755 339 329

147 409 256 444 sunt
286 403 402 444 victi
446 417 549 443 cum
593 403 783 456 mundo,
830 403 943 444 alios
988 408 1143 444 autem
1187 402 1358 456 opinor
1390 405 1467 445 vel

145 479 318 527 reputo
362 474 544 521 beatos,
589 477 641 513 ut
684 472 978 526 posteriores
1025 473 1083 512 de
1124 486 1322 526 quorum
1368 473 1465 514 vita

144 543 298 585 habeo
342 543 401 582 ad
443 543 534 582 hoc
580 542 886 593 evidenciam,
932 541 1040 595 quia
1082 541 1294 583 narracio
1334 555 1463 583 sanc·
1501 549 1734 612 Ψϋῑῃηθίεοάἃτιτιοῖ

147 612 293 652 cionis
336 612 495 653 vocati
538 611 747 652 miraculi
784 612 862 652 vel
907 611 1205 652 canonizacio
1244 611 1464 653 Romane
1478 620 1699 682 canosssszffisf⁰
1721 620 1756 646 be

114 681 274 722 §curie
322 687 394 722 est
437 681 571 722 nimis
604 681 760 722 tenuis
809 681 867 722 ad
898 681 1186 722 fundandum
1217 681 1360 722 fidem
1413 687 1466 722 ut

145 757 357 792 mortuus
389 750 450 791 sit
480 750 526 790 in
562 751 810 806 cathalogo
844 752 1107 792 beatorum.
1139 750 1311 791 Potest
1342 750 1465 791 enim

144 821 191 860 in
229 820 402 861 talibus
441 820 624 861 vocatis
667 820 902 860 miraculis
948 833 1055 861 esse
1099 820 1350 873 multiplex
1393 834 1463 861 se-

146 889 328 940 duccio,
374 895 421 930 et
463 894 628 943 potest
674 889 801 930 curia
838 889 1057 930 Romana
1101 902 1209 930 esse
1251 890 1464 931 veritatis

143 960 305 1013 ignara
357 973 419 1000 ex
469 959 759 1000 seduccione
813 960 1005 1000 testium
1070 959 1150 1014 qui
1202 961 1464 1014 deponunt,

92 1043 254 1084 10ymo
298 1034 462 1084 potest
509 1042 615 1070 esse
661 1034 822 1070 cecata
864 1035 1064 1083 propter
1100 1029 1349 1083 pecuniam
1387 1030 1466 1070 vel

143 1100 365 1140 favorem.
417 1098 533 1139 Ideo
580 1098 702 1139 absit
749 1099 939 1139 fidelem
991 1099 1188 1140 credere
1233 1100 1362 1153 quod
1406 1100 1467 1141 sit

145 1169 366 1210 articulus
387 1169 499 1210 fidei
523 1169 787 1210 credendus
812 1169 1037 1223 quicquid
1065 1183 1189 1223 papa
1210 1169 1258 1210 in
1282 1169 1464 1210 canoni-

144 1239 349 1291 zacione,
391 1239 439 1279 in
483 1238 791 1279 absolucione
824 1239 903 1280 vel
946 1239 1114 1280 bullari
1152 1239 1465 1280 attestacione

144 1309 423 1351 decreverit.
476 1308 591 1349 Cum
635 1322 761 1362 papa
805 1314 1056 1350 attestatur
1088 1322 1218 1350 suam
1251 1310 1465 1350 crebram

92 1378 485 1432 ¹5decepcionem
516 1378 564 1419 in
594 1378 780 1429 talibus,
820 1384 869 1420 et
899 1379 1032 1419 Deus
1071 1392 1166 1419 non
1199 1384 1273 1421 est
1303 1389 1467 1419 auctor

142 1450 221 1490 vel
252 1449 406 1490 fautor
437 1448 684 1502 mendacii,
727 1448 839 1489 ideo
879 1449 1002 1490 absit
1035 1448 1284 1490 ecclesiam
1316 1448 1466 1502 premi

145 1518 381 1559 serviliter
412 1518 493 1559 tali
523 1518 632 1559 fide.

201 1588 255 1628 In
286 1588 389 1629 istis
419 1587 564 1641 igitur
594 1588 706 1629 licet
739 1588 921 1642 opinari
952 1589 1030 1629 vel
1066 1593 1290 1643 reputare
1322 1601 1459 1629 unam
1473 1604 1508 1632 In
1530 1603 1605 1630 such
1627 1608 1753 1631 mamers

142 1663 324 1712 partem
378 1658 453 1698 vel
504 1657 648 1711 aliam,
707 1660 967 1699 secundum
1024 1659 1155 1712 quod
1212 1658 1459 1699 evidencie
1521 1643 1704 1712 ᾱέξεὲὲυὲἷι

87 1737 129 1761 20
143 1727 392 1768 variantur.
445 1726 626 1768 Cavere
664 1733 821 1768 tamen
859 1728 1090 1769 debemus
1128 1742 1187 1768 ne
1230 1728 1421 1769 racione
1456 1726 1461 1783 l
1535 1708 1693 1735 emdenoe'

24 1796 105 1841 243¹>
143 1796 329 1850 peccati
358 1796 405 1836 in
439 1796 698 1838 evidenciis
730 1797 1023 1848 seducamur,
1055 1810 1145 1838 nec
1169 1798 1298 1852 quod
1328 1797 1464 1838 nimis

144 1865 449 1907 sollicitemur
480 1866 527 1907 in
564 1867 737 1907 talibus
775 1873 938 1920 preter
967 1867 1120 1909 fidem.
1172 1867 1309 1908 Multi
1343 1867 1466 1908 enim

144 1938 434 1978 seducuntur
465 1950 552 1990 per
576 1936 845 1978 evidencias
871 1943 1033 1991 captas
1066 1952 1092 1979 a
1114 1938 1242 1979 curia
1265 1943 1313 1978 et
1333 1937 1466 1978 multi

145 2006 383 2048 dimittunt
404 2011 607 2060 propter
628 2011 860 2060 questum,
894 2007 1200 2049 affeccionem
1234 2008 1466 2048 carnalem

90 2078 128 2110 25
144 2077 222 2116 vel
254 2089 418 2116 cecum
461 2076 673 2117 favorem
718 2089 1016 2129 cognoscere
1056 2083 1103 2117 et
1136 2078 1293 2118 colere
1324 2078 1466 2118 fidem

146 2145 328 2188 Christi.
381 2145 476 2186 Alii
520 2152 675 2186 autem
718 2146 897 2187 faciunt
934 2146 1150 2188 raciones
1190 2147 1375 2201 topicas
1409 2148 1466 2187 ad

146 2215 506 2256 assenciendum
551 2216 681 2269 quod
723 2217 1039 2270 pseudopapa
1084 2217 1145 2258 sit
1187 2216 1465 2271 potissimus

144 2284 482 2335 Antichristus,
534 2285 687 2338 primo
720 2300 809 2339 per
858 2287 949 2329 hoc
1002 2287 1131 2340 quod
1181 2287 1465 2341 quicumque

143 2355 284 2394 homo
319 2360 393 2395 est
419 2353 702 2408 profundior
732 2355 779 2395 in
810 2355 1008 2403 inferno,
1041 2357 1095 2397 fit
1125 2370 1215 2410 pro
1247 2362 1464 2410 tempore

89 2430 130 2462 30
145 2423 222 2464 vie
253 2424 535 2477 profundior
565 2424 901 2478 Antichristus,
952 2426 1038 2466 sed
1082 2426 1246 2480 aliquis
1284 2439 1409 2480 papa
1441 2439 1466 2466 a

144 2493 381 2546 probabili
423 2499 537 2547 post
581 2494 880 2535 dotacionem
925 2495 1128 2536 ecclesie
1159 2495 1330 2537 meruit
1362 2508 1466 2537 esse

145 2562 426 2615 profundior
456 2563 792 2606 Antichristus,

202 2633 515 2687 Assumptum
561 2639 694 2687 patet
739 2647 800 2674 ex
850 2635 956 2685 hoc,
1010 2635 1140 2688 quod
1184 2648 1465 2689 correspon-

147 2703 314 2743 denter
346 2703 402 2743 ad
434 2704 622 2756 peccati
653 2704 961 2757 gravedinem
995 2711 1068 2746 est
1099 2704 1336 2759 prescitus
1359 2718 1465 2758 pro-

91 2783 130 2816 35
146 2770 336 2812 fundius
366 2772 414 2813 in
444 2772 650 2823 inferno3
698 2773 786 2814 sed
818 2779 1002 2815 constat
1033 2774 1162 2828 quod
1183 2779 1361 2828 quanta
1393 2780 1468 2816 est

219 2938 262 2958 12.
284 2930 322 2958 B:
344 2932 492 2960 articulis.
570 2940 617 2967 27.
641 2932 662 2959 Β
682 2932 712 2960 in
735 2940 848 2968 marg:
868 2933 1021 2961 Raciones
1040 2934 1229 2970 theologice.
