2078 3338
256 257 345 285 CAP.
367 248 436 300 vi]
656 258 716 290 DE
742 258 1024 291 POTESTATE
1050 258 1181 291 PAPE.
1787 262 1863 300 129

257 363 358 404 eius
372 375 535 416 parem
558 374 774 415 excesso,
805 366 853 403 et
875 361 1110 403 adiectum
1135 375 1239 403 cum
1261 362 1374 404 facit
1396 363 1573 417 quanti-

255 432 402 474 tative
433 436 586 473 totum
616 432 775 484 maius,
809 437 1004 486 oportet
1042 446 1148 473 esse
1178 438 1361 486 partem
1396 434 1572 487 quanti-

137 511 216 553 193⁸
254 503 447 544 tativam
477 501 692 543 maiorati
719 500 724 557 l
751 515 839 556 per
869 501 1037 556 ipsum.

310 573 454 614 Istam
497 572 736 613 materiam
781 571 949 612 diffuse
993 578 1276 625 prosecutus
1322 587 1423 613 sum
1467 573 1577 614 alibi
1618 583 1685 612 The
1706 588 1780 611 state
1800 586 1831 611 01

1609 619 1699 654 being
1718 619 1849 647 without

221 651 358 683 §cum
403 642 501 683 aliis
545 641 700 682 dubiis
745 641 958 687 annexis,
1008 642 1118 682 ideo
1163 648 1354 683 transeo
1400 643 1575 684 dictum
1625 655 1830 716 pgffiersttgties,

1812 710 1819 723 ‚

251 718 479 766 repetens
530 711 759 765 superiuS‚
817 711 945 764 quod
989 717 1139 752 status
1198 713 1575 766 exproprietarie
1591 724 1688 751 better
1707 724 1866 764 thqnffihat

252 782 446 823 vivendi
489 786 564 822 est
607 795 907 835 quocumque
952 786 1076 822 statu
1129 781 1254 822 civili
1295 778 1575 836 perfeccior‚
1649 759 1808 822 Οὲνῗηεέἕῆ

253 852 376 893 sicut
423 857 573 893 status
625 850 912 905 virginitatis
972 858 1044 893 est
1098 865 1399 906 quocumque
1450 858 1577 895 statu

255 922 496 976 coniugati
525 921 806 976 perfeccior,
838 926 1004 963 natura
1036 922 1249 978 angelica
1288 929 1362 964 est
1391 928 1575 964 natura-

198 993 361 1034 1oliter
391 997 557 1033 natura
586 992 786 1032 humana
817 992 1045 1046 superior,
1076 992 1175 1033 vita
1209 993 1579 1047 contemplativa

253 1067 328 1104 est
357 1062 454 1103 vita
486 1062 640 1103 activa
669 1062 938 1116 perfeccior
971 1068 1019 1103 et
1056 1076 1201 1104 sexus
1239 1063 1470 1104 femineus
1504 1070 1579 1104 est

253 1146 374 1174 sexu
405 1131 665 1173 masculino
698 1131 927 1185 fragilior3
961 1137 1009 1172 et
1040 1137 1196 1173 tamen
1229 1138 1414 1174 constat
1448 1134 1578 1187 quod

252 1202 385 1244 multi
430 1202 672 1256 coniugati
716 1208 825 1244 sunt
855 1202 1012 1243 multis
1044 1203 1309 1257 virginibus
1341 1203 1576 1249 meliores,

251 1273 385 1315 multi
425 1272 641 1314 homines
693 1272 965 1327 superiores
1013 1273 1230 1327 dyabolis
1273 1273 1432 1327 gracia
1481 1287 1577 1314 non

200 1351 236 1383 15
252 1349 430 1396 natura,
479 1342 613 1384 multi
656 1342 798 1384 activi
841 1348 951 1383 sunt
994 1343 1150 1384 multis
1197 1344 1576 1398 contemplativis

255 1413 539 1464 sancciores‚
585 1418 632 1454 et
673 1413 819 1454 multe
857 1413 1032 1454 femine
1064 1414 1274 1468 virgines
1305 1414 1353 1455 in
1383 1414 1578 1455 iuvenili

256 1490 385 1525 etate
407 1483 565 1524 multis
579 1482 692 1524 viris
716 1483 862 1524 eciam
878 1483 1134 1537 decrepitis
1156 1485 1263 1537 plus
1288 1490 1574 1538 constantes,

254 1560 306 1596 ut
355 1567 472 1608 sepe
516 1553 727 1594 meminit
767 1553 1066 1607 Augustinus
1116 1554 1163 1594 in
1207 1554 1396 1609 scriptis
1439 1554 1575 1595 istius

253 1624 460 1666 materie.
474 1624 591 1665 Ideo
606 1637 807 1664 necesse
832 1629 906 1665 est
919 1625 1159 1665 volentem
1180 1625 1319 1665 istam
1336 1625 1576 1665 materiam

196 1712 237 1733 20
249 1694 516 1748 intelligere
552 1694 850 1735 considerare
879 1694 1233 1748 perfeccionem
1274 1709 1412 1748 quam
1432 1696 1576 1736 habet

250 1766 389 1806 homo
432 1764 481 1805 in
525 1770 749 1818 quantum
795 1764 1172 1818 exproprietarie
1205 1764 1337 1819 vivit,
1381 1771 1428 1806 et
1471 1778 1573 1819 per-

250 1834 513 1875 feccionem
558 1848 696 1888 quam
737 1835 882 1876 habet
925 1835 970 1875 in
1015 1840 1239 1888 quantum
1285 1835 1435 1875 civilis
1467 1849 1573 1889 pro-

251 1904 516 1959 prietarius,
565 1911 613 1945 et
661 1904 840 1945 illarum
883 1905 1237 1959 perfeccionum
1285 1918 1400 1958 quas
1450 1918 1573 1945 voco

250 1974 580 2029 perfecciones
628 1974 905 2029 simpliciter
948 1989 1090 2029 supra
1134 1974 1465 2029 perfecciones
1508 1975 1573 2015 in-

194 2052 234 2087 25
252 2044 479 2096 dividuas,
524 2044 719 2098 primam
750 2045 962 2086 inveniet
1004 2046 1111 2099 plus
1161 2045 1435 2099 perfectam.
1489 2044 1574 2084 Ille

251 2120 405 2156 autem
434 2114 767 2168 perfecciones
800 2128 931 2156 more
963 2115 1298 2156 universalium
1335 2128 1431 2155 non
1463 2127 1572 2168 pos-

250 2190 360 2226 sunt
391 2185 683 2239 augmentari
712 2185 791 2225 vel
821 2185 977 2239 minui,
1011 2186 1097 2226 sed
1128 2185 1462 2239 perfecciones
1494 2184 1573 2224 vel

251 2260 401 2296 status
437 2254 667 2296 individui
710 2255 969 2295 secundum
1013 2256 1142 2309 quod
1184 2255 1273 2295 illis
1317 2255 1404 2295 alia
1452 2267 1572 2294 com-

250 2325 390 2366 moda
420 2330 530 2366 sunt
561 2324 754 2376 adiecta,
788 2330 835 2365 et
867 2325 947 2375 sic,
979 2331 1032 2366 ut
1053 2339 1169 2379 sepe
1197 2324 1391 2379 repecii,
1424 2329 1573 2365 status

195 2404 237 2436 30
253 2394 630 2450 exproprietarie
652 2394 847 2436 vivendi
874 2401 1075 2449 propter
1098 2395 1437 2437 excellenciam
1468 2407 1572 2448 per-

251 2465 493 2512 feccionis,
527 2465 750 2519 congruit
782 2466 908 2507 clero
944 2465 1127 2508 Christi.

309 2535 371 2577 Et
418 2535 556 2576 istam
606 2534 897 2576 sentenciam
949 2537 1186 2589 approbat
1237 2541 1334 2577 tota
1365 2533 1571 2575 Trinitas

254 2619 359 2647 cum
402 2611 505 2647 tota
548 2605 750 2647 ecclesia
792 2605 1123 2659 triumphante,
1168 2611 1270 2646 tota
1299 2610 1463 2646 natura
1491 2606 1571 2645 be-

321 2819 350 2846 4.
372 2811 426 2839 AB
441 2811 472 2839 in
487 2819 601 2847 marg-t
622 2811 728 2839 Status
748 2811 862 2839 diversz
880 2811 1045 2839 secundum
1064 2811 1194 2848 gradus.
1272 2819 1314 2839 12.
1338 2811 1376 2839 B:
1397 2814 1427 2839 et
1443 2813 1569 2839 tantum.

255 2858 303 2887 26.
326 2858 348 2885 Β
368 2858 398 2885 in
419 2866 531 2893 marg:
552 2856 769 2894 Perfeccz'ones
788 2858 819 2885 in
840 2858 1012 2885 universali
1028 2866 1089 2886 non
1108 2861 1267 2893 augentur
1279 2857 1335 2885 sed
1352 2858 1383 2884 in
1401 2857 1570 2894 singulari.

256 2904 304 2933 32.
326 2904 380 2932 AB
399 2904 431 2932 in
452 2912 567 2940 marg:
588 2904 694 2932 Status
713 2905 983 2940 exproprietarius
1003 2905 1197 2939 approbatur
1215 2912 1235 2931 a
1255 2906 1322 2932 tota
1347 2903 1510 2932 Trinitate.

323 2968 366 2992 De
380 2967 532 2992 Potestato
548 2967 634 2995 Papo.
1412 2961 1433 2996 9
