<?xml version="1.0" encoding="UTF-8"?>
<!DOCTYPE html PUBLIC "-//W3C//DTD XHTML 1.0 Transitional//EN"
    "http://www.w3.org/TR/xhtml1/DTD/xhtml1-transitional.dtd">
<html xmlns="http://www.w3.org/1999/xhtml" xml:lang="en" lang="en">
 <head>
  <title>
</title>
<meta http-equiv="Content-Type" content="text/html;charset=utf-8" />
  <meta name='ocr-system' content='tesseract 3.04.00' />
  <meta name='ocr-capabilities' content='ocr_page ocr_carea ocr_par ocr_line ocrx_word'/>
</head>
<body>
  <div class='ocr_page' id='page_1' title='image "./tractatusdepotes00wycl_0462.png"; bbox 0 0 2078 3338; ppageno 0'>
   <div class='ocr_carea' id='block_1_1' title="bbox 274 273 357 310">
    <p class='ocr_par' dir='ltr' id='par_1_1' title="bbox 274 273 357 310">
     <span class='ocr_line' id='line_1_1' title="bbox 274 273 357 310; baseline -0.012 -10"><span class='ocrx_word' id='word_1_1' title='bbox 274 273 357 310; x_wconf 84' lang='lat'>400</span> 
     </span>
    </p>
   </div>
   <div class='ocr_carea' id='block_1_2' title="bbox 1006 267 1443 299">
    <p class='ocr_par' dir='ltr' id='par_1_2' title="bbox 1006 267 1443 299">
     <span class='ocr_line' id='line_1_2' title="bbox 1006 267 1443 299; baseline -0.002 -1"><span class='ocrx_word' id='word_1_2' title='bbox 1006 267 1231 299; x_wconf 68' lang='lat' dir='ltr'>JOHANNIs</span> <span class='ocrx_word' id='word_1_3' title='bbox 1259 267 1443 298; x_wconf 74' lang='lat' dir='ltr'>WYCLlF</span> 
     </span>
    </p>
   </div>
   <div class='ocr_carea' id='block_1_3' title="bbox 561 371 1886 1331">
    <p class='ocr_par' dir='ltr' id='par_1_3' title="bbox 561 371 1886 1331">
     <span class='ocr_line' id='line_1_3' title="bbox 561 371 1885 425; baseline 0 -14"><span class='ocrx_word' id='word_1_4' title='bbox 561 371 833 425; x_wconf 82' lang='lat' dir='ltr'>magistrum</span> <span class='ocrx_word' id='word_1_5' title='bbox 878 372 1034 424; x_wconf 91' lang='lat' dir='ltr'>quoad</span> <span class='ocrx_word' id='word_1_6' title='bbox 1080 376 1210 411; x_wconf 86' lang='lat' dir='ltr'>actus</span> <span class='ocrx_word' id='word_1_7' title='bbox 1251 376 1300 411; x_wconf 92' lang='lat' dir='ltr'>et</span> <span class='ocrx_word' id='word_1_8' title='bbox 1351 384 1509 412; x_wconf 86' lang='lat' dir='ltr'>mores</span> <span class='ocrx_word' id='word_1_9' title='bbox 1562 376 1752 411; x_wconf 84' lang='lat' dir='ltr'>secutus</span> <span class='ocrx_word' id='word_1_10' title='bbox 1797 371 1885 411; x_wconf 81' lang='lat' dir='ltr'>fuit</span> 
     </span>
     <span class='ocr_line' id='line_1_4' title="bbox 564 440 1885 494; baseline 0 -14"><span class='ocrx_word' id='word_1_11' title='bbox 564 440 866 491; x_wconf 72' lang='lat' dir='ltr'>conformius,</span> <span class='ocrx_word' id='word_1_12' title='bbox 900 440 966 480; x_wconf 91' lang='lat' dir='ltr'>sic</span> <span class='ocrx_word' id='word_1_13' title='bbox 991 446 1184 494; x_wconf 75' lang='lat' dir='ltr'>oportet</span> <span class='ocrx_word' id='word_1_14' title='bbox 1206 441 1256 480; x_wconf 40' lang='lat' dir='ltr'>P-</span> <span class='ocrx_word' id='word_1_15' title='bbox 1280 441 1504 481; x_wconf 85' lang='lat' dir='ltr'>vicarium</span> <span class='ocrx_word' id='word_1_16' title='bbox 1527 440 1720 480; x_wconf 88' lang='lat' dir='ltr'>similius</span> <span class='ocrx_word' id='word_1_17' title='bbox 1749 440 1885 493; x_wconf 89' lang='lat' dir='ltr'>sequi</span> 
     </span>
     <span class='ocr_line' id='line_1_5' title="bbox 561 510 1885 564; baseline 0 -14"><span class='ocrx_word' id='word_1_18' title='bbox 561 510 728 563; x_wconf 89' lang='lat' dir='ltr'>ipsum.</span> <span class='ocrx_word' id='word_1_19' title='bbox 780 510 950 550; x_wconf 87' lang='lat' dir='ltr'>Tercio</span> <span class='ocrx_word' id='word_1_20' title='bbox 985 511 1140 563; x_wconf 80' lang='lat' dir='ltr'>docet,</span> <span class='ocrx_word' id='word_1_21' title='bbox 1181 512 1309 564; x_wconf 91' lang='lat' dir='ltr'>quod</span> <span class='ocrx_word' id='word_1_22' title='bbox 1340 512 1539 550; x_wconf 86' lang='lat' dir='ltr'>humana</span> <span class='ocrx_word' id='word_1_23' title='bbox 1579 510 1758 550; x_wconf 78' lang='lat' dir='ltr'>eleccio</span> <span class='ocrx_word' id='word_1_24' title='bbox 1790 524 1885 550; x_wconf 89' lang='lat' dir='ltr'>non</span> 
     </span>
     <span class='ocr_line' id='line_1_6' title="bbox 562 579 1886 634; baseline -0.001 -14"><span class='ocrx_word' id='word_1_25' title='bbox 562 581 701 630; x_wconf 87' lang='lat' dir='ltr'>valet,</span> <span class='ocrx_word' id='word_1_26' title='bbox 740 580 830 620; x_wconf 89' lang='lat' dir='ltr'>nisi</span> <span class='ocrx_word' id='word_1_27' title='bbox 863 581 921 620; x_wconf 90' lang='lat' dir='ltr'>de</span> <span class='ocrx_word' id='word_1_28' title='bbox 955 587 1130 633; x_wconf 89' lang='lat' dir='ltr'>quanto</span> <span class='ocrx_word' id='word_1_29' title='bbox 1163 581 1539 634; x_wconf 79' lang='lat' dir='ltr'>promulgaverit</span> <span class='ocrx_word' id='word_1_30' title='bbox 1578 579 1886 620; x_wconf 82' lang='lat' dir='ltr'>conformiter</span> 
     </span>
     <span class='ocr_line' id='line_1_7' title="bbox 563 649 1885 703; baseline 0 -14"><span class='ocrx_word' id='word_1_31' title='bbox 563 650 621 689; x_wconf 92' lang='lat' dir='ltr'>ad</span> <span class='ocrx_word' id='word_1_32' title='bbox 653 649 869 690; x_wconf 89' lang='lat' dir='ltr'>divinam.</span> <span class='ocrx_word' id='word_1_33' title='bbox 903 649 1082 702; x_wconf 72' lang='lat' dir='ltr'>Quarto</span> <span class='ocrx_word' id='word_1_34' title='bbox 1117 651 1246 703; x_wconf 86' lang='lat' dir='ltr'>quod</span> <span class='ocrx_word' id='word_1_35' title='bbox 1278 650 1465 703; x_wconf 89' lang='lat' dir='ltr'>precise</span> <span class='ocrx_word' id='word_1_36' title='bbox 1499 651 1557 690; x_wconf 91' lang='lat' dir='ltr'>de</span> <span class='ocrx_word' id='word_1_37' title='bbox 1584 655 1715 690; x_wconf 90' lang='lat' dir='ltr'>tanto</span> <span class='ocrx_word' id='word_1_38' title='bbox 1741 650 1885 689; x_wconf 89' lang='lat' dir='ltr'>debet</span> 
     </span>
     <span class='ocr_line' id='line_1_8' title="bbox 563 718 1884 772; baseline -0.001 -13"><span class='ocrx_word' id='word_1_39' title='bbox 563 719 781 759; x_wconf 89' lang='lat' dir='ltr'>subditus</span> <span class='ocrx_word' id='word_1_40' title='bbox 826 719 962 772; x_wconf 90' lang='lat' dir='ltr'>sequi</span> <span class='ocrx_word' id='word_1_41' title='bbox 1007 732 1140 759; x_wconf 89' lang='lat' dir='ltr'>suum</span> <span class='ocrx_word' id='word_1_42' title='bbox 1184 718 1420 772; x_wconf 88' lang='lat' dir='ltr'>privatum</span> <span class='ocrx_word' id='word_1_43' title='bbox 1464 718 1776 772; x_wconf 84' lang='lat' dir='ltr'>prepositum,</span> <span class='ocrx_word' id='word_1_44' title='bbox 1827 719 1884 758; x_wconf 93' lang='lat' dir='ltr'>de</span> 
     </span>
     <span class='ocr_line' id='line_1_9' title="bbox 564 787 1885 842; baseline -0.001 -14"><span class='ocrx_word' id='word_1_45' title='bbox 564 795 738 841; x_wconf 87' lang='lat' dir='ltr'>quanto</span> <span class='ocrx_word' id='word_1_46' title='bbox 782 789 888 842; x_wconf 85' lang='lat' dir='ltr'>ipse</span> <span class='ocrx_word' id='word_1_47' title='bbox 934 789 1150 842; x_wconf 87' lang='lat' dir='ltr'>sequitur</span> <span class='ocrx_word' id='word_1_48' title='bbox 1194 789 1383 830; x_wconf 89' lang='lat' dir='ltr'>Ihesum</span> <span class='ocrx_word' id='word_1_49' title='bbox 1434 794 1661 830; x_wconf 88' lang='lat' dir='ltr'>nostrum.</span> <span class='ocrx_word' id='word_1_50' title='bbox 1712 787 1885 840; x_wconf 74' lang='lat' dir='ltr'>Quinto</span> 
     </span>
     <span class='ocr_line' id='line_1_10' title="bbox 563 858 1885 911; baseline 0 -14"><span class='ocrx_word' id='word_1_51' title='bbox 563 858 664 898; x_wconf 80' lang='lat' dir='ltr'>sive</span> <span class='ocrx_word' id='word_1_52' title='bbox 698 859 931 898; x_wconf 84' lang='lat' dir='ltr'>electores</span> <span class='ocrx_word' id='word_1_53' title='bbox 969 860 1094 898; x_wconf 89' lang='lat' dir='ltr'>bene</span> <span class='ocrx_word' id='word_1_54' title='bbox 1126 859 1204 899; x_wconf 88' lang='lat' dir='ltr'>vel</span> <span class='ocrx_word' id='word_1_55' title='bbox 1241 860 1359 899; x_wconf 89' lang='lat' dir='ltr'>male</span> <span class='ocrx_word' id='word_1_56' title='bbox 1394 859 1628 911; x_wconf 83' lang='lat' dir='ltr'>elegerint</span> <span class='ocrx_word' id='word_1_57' title='bbox 1660 858 1885 911; x_wconf 82' lang='lat' dir='ltr'>operibus</span> 
     </span>
     <span class='ocr_line' id='line_1_11' title="bbox 562 928 1884 982; baseline 0 -15"><span class='ocrx_word' id='word_1_58' title='bbox 562 928 814 968; x_wconf 89' lang='lat' dir='ltr'>meritoriis</span> <span class='ocrx_word' id='word_1_59' title='bbox 857 934 931 969; x_wconf 89' lang='lat' dir='ltr'>est</span> <span class='ocrx_word' id='word_1_60' title='bbox 969 929 1269 979; x_wconf 76' lang='lat' dir='ltr'>credendum,</span> <span class='ocrx_word' id='word_1_61' title='bbox 1310 935 1354 969; x_wconf 85' lang='lat' dir='ltr'>et</span> <span class='ocrx_word' id='word_1_62' title='bbox 1396 928 1679 982; x_wconf 87' lang='lat' dir='ltr'>quicumque</span> <span class='ocrx_word' id='word_1_63' title='bbox 1718 929 1884 968; x_wconf 87' lang='lat' dir='ltr'>modus</span> 
     </span>
     <span class='ocr_line' id='line_1_12' title="bbox 562 997 1885 1052; baseline 0 -15"><span class='ocrx_word' id='word_1_64' title='bbox 562 1003 727 1037; x_wconf 89' lang='lat' dir='ltr'>noster</span> <span class='ocrx_word' id='word_1_65' title='bbox 760 997 968 1051; x_wconf 85' lang='lat' dir='ltr'>eligendi</span> <span class='ocrx_word' id='word_1_66' title='bbox 1004 998 1300 1052; x_wconf 86' lang='lat' dir='ltr'>prepositum</span> <span class='ocrx_word' id='word_1_67' title='bbox 1338 998 1482 1039; x_wconf 85' lang='lat' dir='ltr'>fuerit</span> <span class='ocrx_word' id='word_1_68' title='bbox 1526 997 1755 1038; x_wconf 86' lang='lat' dir='ltr'>eleccioni</span> <span class='ocrx_word' id='word_1_69' title='bbox 1791 997 1885 1037; x_wconf 90' lang='lat' dir='ltr'>Dei</span> 
     </span>
     <span class='ocr_line' id='line_1_13' title="bbox 564 1066 1886 1121; baseline 0 -14"><span class='ocrx_word' id='word_1_70' title='bbox 564 1067 850 1108; x_wconf 85' lang='lat' dir='ltr'>conformior</span> <span class='ocrx_word' id='word_1_71' title='bbox 880 1073 954 1108; x_wconf 90' lang='lat' dir='ltr'>est</span> <span class='ocrx_word' id='word_1_72' title='bbox 985 1082 1041 1108; x_wconf 87' lang='lat' dir='ltr'>eo</span> <span class='ocrx_word' id='word_1_73' title='bbox 1065 1068 1241 1121; x_wconf 76' lang='lat' dir='ltr'>melior,</span> <span class='ocrx_word' id='word_1_74' title='bbox 1274 1074 1321 1108; x_wconf 89' lang='lat' dir='ltr'>et</span> <span class='ocrx_word' id='word_1_75' title='bbox 1345 1068 1490 1109; x_wconf 89' lang='lat' dir='ltr'>obicit</span> <span class='ocrx_word' id='word_1_76' title='bbox 1515 1066 1886 1121; x_wconf 79' lang='lat' dir='ltr'>quadrupliciter</span> 
     </span>
     <span class='ocr_line' id='line_1_14' title="bbox 565 1137 1884 1192; baseline 0.001 -16"><span class='ocrx_word' id='word_1_77' title='bbox 565 1142 613 1177; x_wconf 91' lang='lat' dir='ltr'>et</span> <span class='ocrx_word' id='word_1_78' title='bbox 657 1137 888 1191; x_wconf 80' lang='lat' dir='ltr'>dissolvit,</span> <span class='ocrx_word' id='word_1_79' title='bbox 934 1139 1177 1179; x_wconf 89' lang='lat' dir='ltr'>declarans</span> <span class='ocrx_word' id='word_1_80' title='bbox 1223 1139 1351 1192; x_wconf 85' lang='lat' dir='ltr'>quod</span> <span class='ocrx_word' id='word_1_81' title='bbox 1397 1139 1456 1178; x_wconf 89' lang='lat' dir='ltr'>de</span> <span class='ocrx_word' id='word_1_82' title='bbox 1495 1142 1695 1191; x_wconf 91' lang='lat' dir='ltr'>quatuor</span> <span class='ocrx_word' id='word_1_83' title='bbox 1733 1137 1884 1177; x_wconf 90' lang='lat' dir='ltr'>modis</span> 
     </span>
     <span class='ocr_line' id='line_1_15' title="bbox 564 1207 1883 1262; baseline 0.001 -16"><span class='ocrx_word' id='word_1_84' title='bbox 564 1207 774 1260; x_wconf 84' lang='lat' dir='ltr'>eligendi</span> <span class='ocrx_word' id='word_1_85' title='bbox 796 1208 1095 1261; x_wconf 85' lang='lat' dir='ltr'>prepositum</span> <span class='ocrx_word' id='word_1_86' title='bbox 1111 1209 1289 1249; x_wconf 91' lang='lat' dir='ltr'>eleccio</span> <span class='ocrx_word' id='word_1_87' title='bbox 1310 1222 1397 1262; x_wconf 90' lang='lat' dir='ltr'>per</span> <span class='ocrx_word' id='word_1_88' title='bbox 1411 1213 1588 1249; x_wconf 89' lang='lat' dir='ltr'>sortem</span> <span class='ocrx_word' id='word_1_89' title='bbox 1611 1209 1731 1248; x_wconf 82' lang='lat' dir='ltr'>foret</span> <span class='ocrx_word' id='word_1_90' title='bbox 1745 1208 1883 1247; x_wconf 91' lang='lat' dir='ltr'>modo</span> 
     </span>
     <span class='ocr_line' id='line_1_16' title="bbox 564 1275 1885 1331; baseline 0 -15"><span class='ocrx_word' id='word_1_91' title='bbox 564 1276 784 1318; x_wconf 89' lang='lat' dir='ltr'>securior.</span> <span class='ocrx_word' id='word_1_92' title='bbox 847 1275 999 1318; x_wconf 82' lang='lat' dir='ltr'>Sexto</span> <span class='ocrx_word' id='word_1_93' title='bbox 1044 1282 1189 1329; x_wconf 89' lang='lat' dir='ltr'>notat,</span> <span class='ocrx_word' id='word_1_94' title='bbox 1238 1279 1367 1331; x_wconf 90' lang='lat' dir='ltr'>quod</span> <span class='ocrx_word' id='word_1_95' title='bbox 1410 1291 1505 1318; x_wconf 88' lang='lat' dir='ltr'>non</span> <span class='ocrx_word' id='word_1_96' title='bbox 1551 1277 1751 1318; x_wconf 89' lang='lat' dir='ltr'>docetur</span> <span class='ocrx_word' id='word_1_97' title='bbox 1784 1275 1788 1331; x_wconf 78' lang='grc' dir='ltr'>Ι</span> <span class='ocrx_word' id='word_1_98' title='bbox 1824 1290 1885 1316; x_wconf 80' lang='lat' dir='ltr'>ex</span> 
     </span>
    </p>
   </div>
   <div class='ocr_carea' id='block_1_4' title="bbox 564 1346 1940 1401">
    <p class='ocr_par' dir='ltr' id='par_1_4' title="bbox 564 1346 1940 1401">
     <span class='ocr_line' id='line_1_17' title="bbox 564 1346 1940 1401; baseline 0.002 -15"><span class='ocrx_word' id='word_1_99' title='bbox 564 1346 807 1400; x_wconf 83' lang='lat' dir='ltr'>scriptura,</span> <span class='ocrx_word' id='word_1_100' title='bbox 823 1348 1064 1400; x_wconf 89' lang='lat' dir='ltr'>quomodo</span> <span class='ocrx_word' id='word_1_101' title='bbox 1087 1348 1439 1401; x_wconf 87' lang='lat' dir='ltr'>preeminencia</span> <span class='ocrx_word' id='word_1_102' title='bbox 1452 1348 1584 1388; x_wconf 90' lang='lat' dir='ltr'>Petri</span> <span class='ocrx_word' id='word_1_103' title='bbox 1602 1361 1747 1401; x_wconf 86' lang='lat' dir='ltr'>super</span> <span class='ocrx_word' id='word_1_104' title='bbox 1769 1346 1884 1386; x_wconf 89' lang='lat' dir='ltr'>alios</span> <span class='ocrx_word' id='word_1_105' title='bbox 1926 1357 1940 1389; x_wconf 99' lang='lat'><strong>5</strong></span> 
     </span>
    </p>
   </div>
   <div class='ocr_carea' id='block_1_5' title="bbox 561 1417 1885 2031">
    <p class='ocr_par' dir='ltr' id='par_1_5' title="bbox 562 1417 1885 1737">
     <span class='ocr_line' id='line_1_18' title="bbox 564 1417 1885 1469; baseline -0.001 -13"><span class='ocrx_word' id='word_1_106' title='bbox 564 1417 808 1469; x_wconf 88' lang='lat' dir='ltr'>apostolos</span> <span class='ocrx_word' id='word_1_107' title='bbox 862 1422 954 1458; x_wconf 90' lang='lat' dir='ltr'>stat</span> <span class='ocrx_word' id='word_1_108' title='bbox 994 1418 1042 1458; x_wconf 90' lang='lat' dir='ltr'>in</span> <span class='ocrx_word' id='word_1_109' title='bbox 1085 1418 1340 1459; x_wconf 86' lang='lat' dir='ltr'>universali</span> <span class='ocrx_word' id='word_1_110' title='bbox 1386 1417 1688 1459; x_wconf 90' lang='lat' dir='ltr'>iurisdicione</span> <span class='ocrx_word' id='word_1_111' title='bbox 1741 1430 1885 1469; x_wconf 89' lang='lat' dir='ltr'>super</span> 
     </span>
     <span class='ocr_line' id='line_1_19' title="bbox 562 1486 1883 1541; baseline 0.001 -15"><span class='ocrx_word' id='word_1_112' title='bbox 562 1492 709 1527; x_wconf 85' lang='lat' dir='ltr'>totam</span> <span class='ocrx_word' id='word_1_113' title='bbox 741 1486 1017 1528; x_wconf 82' lang='lat' dir='ltr'>militantem</span> <span class='ocrx_word' id='word_1_114' title='bbox 1041 1488 1301 1538; x_wconf 74' lang='lat' dir='ltr'>ecclesiam,</span> <span class='ocrx_word' id='word_1_115' title='bbox 1333 1492 1414 1528; x_wconf 87' lang='lat' dir='ltr'>aut</span> <span class='ocrx_word' id='word_1_116' title='bbox 1437 1489 1564 1541; x_wconf 90' lang='lat' dir='ltr'>quod</span> <span class='ocrx_word' id='word_1_117' title='bbox 1590 1487 1883 1541; x_wconf 86' lang='lat' dir='ltr'>particularis</span> 
     </span>
     <span class='ocr_line' id='line_1_20' title="bbox 562 1556 1883 1610; baseline 0 -14"><span class='ocrx_word' id='word_1_118' title='bbox 562 1562 774 1609; x_wconf 88' lang='lat' dir='ltr'>potestas</span> <span class='ocrx_word' id='word_1_119' title='bbox 795 1556 1110 1598; x_wconf 89' lang='lat' dir='ltr'>iurisdicionis</span> <span class='ocrx_word' id='word_1_120' title='bbox 1135 1558 1280 1598; x_wconf 87' lang='lat' dir='ltr'>debet</span> <span class='ocrx_word' id='word_1_121' title='bbox 1303 1570 1410 1598; x_wconf 90' lang='lat' dir='ltr'>esse</span> <span class='ocrx_word' id='word_1_122' title='bbox 1431 1557 1479 1598; x_wconf 87' lang='lat' dir='ltr'>in</span> <span class='ocrx_word' id='word_1_123' title='bbox 1495 1557 1614 1598; x_wconf 86' lang='lat' dir='ltr'>alios</span> <span class='ocrx_word' id='word_1_124' title='bbox 1637 1557 1883 1610; x_wconf 86' lang='lat' dir='ltr'>apostolos</span> 
     </span>
     <span class='ocr_line' id='line_1_21' title="bbox 562 1626 1881 1681; baseline 0 -15"><span class='ocrx_word' id='word_1_125' title='bbox 562 1639 651 1679; x_wconf 89' lang='lat' dir='ltr'>per</span> <span class='ocrx_word' id='word_1_126' title='bbox 680 1626 802 1666; x_wconf 87' lang='lat' dir='ltr'>illam</span> <span class='ocrx_word' id='word_1_127' title='bbox 834 1632 1123 1680; x_wconf 88' lang='lat' dir='ltr'>potestatem</span> <span class='ocrx_word' id='word_1_128' title='bbox 1160 1628 1216 1667; x_wconf 92' lang='lat' dir='ltr'>ad</span> <span class='ocrx_word' id='word_1_129' title='bbox 1248 1628 1403 1668; x_wconf 90' lang='lat' dir='ltr'>locum</span> <span class='ocrx_word' id='word_1_130' title='bbox 1438 1633 1486 1668; x_wconf 91' lang='lat' dir='ltr'>et</span> <span class='ocrx_word' id='word_1_131' title='bbox 1519 1628 1746 1681; x_wconf 88' lang='lat' dir='ltr'>populum</span> <span class='ocrx_word' id='word_1_132' title='bbox 1772 1626 1881 1667; x_wconf 88' lang='lat' dir='ltr'>limi-</span> 
     </span>
     <span class='ocr_line' id='line_1_22' title="bbox 563 1702 669 1737; baseline 0.009 -1"><span class='ocrx_word' id='word_1_133' title='bbox 563 1702 669 1737; x_wconf 86' lang='lat' dir='ltr'>tata.</span> 
     </span>
    </p>

    <p class='ocr_par' dir='ltr' id='par_1_6' title="bbox 561 1766 1885 2031">
     <span class='ocr_line' id='line_1_23' title="bbox 623 1766 1882 1821; baseline 0 -15"><span class='ocrx_word' id='word_1_134' title='bbox 623 1766 889 1820; x_wconf 87' lang='lat' dir='ltr'>Capitulum</span> <span class='ocrx_word' id='word_1_135' title='bbox 925 1767 1138 1820; x_wconf 87' lang='lat' dir='ltr'>quintum</span> <span class='ocrx_word' id='word_1_136' title='bbox 1168 1768 1377 1808; x_wconf 88' lang='lat' dir='ltr'>declarat</span> <span class='ocrx_word' id='word_1_137' title='bbox 1404 1766 1757 1821; x_wconf 87' lang='lat' dir='ltr'>quintupliciter</span> <span class='ocrx_word' id='word_1_138' title='bbox 1779 1780 1882 1807; x_wconf 79' lang='lat' dir='ltr'>sex-</span> 
     </span>
     <span class='ocr_line' id='line_1_24' title="bbox 561 1837 1884 1891; baseline 0 -15"><span class='ocrx_word' id='word_1_139' title='bbox 561 1842 655 1876; x_wconf 85' lang='lat' dir='ltr'>tam</span> <span class='ocrx_word' id='word_1_140' title='bbox 689 1837 991 1888; x_wconf 85' lang='lat' dir='ltr'>sentenciam,</span> <span class='ocrx_word' id='word_1_141' title='bbox 1037 1837 1164 1890; x_wconf 89' lang='lat' dir='ltr'>quod</span> <span class='ocrx_word' id='word_1_142' title='bbox 1195 1837 1442 1878; x_wconf 87' lang='lat' dir='ltr'>Romanus</span> <span class='ocrx_word' id='word_1_143' title='bbox 1480 1837 1701 1891; x_wconf 80' lang='lat' dir='ltr'>pontifex</span> <span class='ocrx_word' id='word_1_144' title='bbox 1740 1837 1884 1877; x_wconf 87' lang='lat' dir='ltr'>debet</span> 
     </span>
     <span class='ocr_line' id='line_1_25' title="bbox 562 1906 1885 1961; baseline 0 -15"><span class='ocrx_word' id='word_1_145' title='bbox 562 1906 749 1946; x_wconf 85' lang='lat' dir='ltr'>racione</span> <span class='ocrx_word' id='word_1_146' title='bbox 784 1906 927 1947; x_wconf 86' lang='lat' dir='ltr'>officii</span> <span class='ocrx_word' id='word_1_147' title='bbox 960 1907 1124 1947; x_wconf 83' lang='lat' dir='ltr'>vicarii</span> <span class='ocrx_word' id='word_1_148' title='bbox 1155 1908 1289 1961; x_wconf 88' lang='lat' dir='ltr'>sequi</span> <span class='ocrx_word' id='word_1_149' title='bbox 1323 1907 1556 1948; x_wconf 88' lang='lat' dir='ltr'>Christum</span> <span class='ocrx_word' id='word_1_150' title='bbox 1588 1907 1634 1947; x_wconf 92' lang='lat' dir='ltr'>in</span> <span class='ocrx_word' id='word_1_151' title='bbox 1663 1907 1885 1948; x_wconf 77' lang='lat' dir='ltr'>altissima</span> 
     </span>
     <span class='ocr_line' id='line_1_26' title="bbox 562 1976 1882 2031; baseline 0.001 -16"><span class='ocrx_word' id='word_1_152' title='bbox 562 1982 855 2030; x_wconf 66' lang='lat' dir='ltr'>paupertate,</span> <span class='ocrx_word' id='word_1_153' title='bbox 896 1982 943 2017; x_wconf 89' lang='lat' dir='ltr'>et</span> <span class='ocrx_word' id='word_1_154' title='bbox 973 1983 1086 2030; x_wconf 89' lang='lat' dir='ltr'>post</span> <span class='ocrx_word' id='word_1_155' title='bbox 1119 1977 1266 2018; x_wconf 90' lang='lat' dir='ltr'>obicit</span> <span class='ocrx_word' id='word_1_156' title='bbox 1297 1977 1548 2031; x_wconf 85' lang='lat' dir='ltr'>tripliciter</span> <span class='ocrx_word' id='word_1_157' title='bbox 1571 1984 1620 2018; x_wconf 90' lang='lat' dir='ltr'>et</span> <span class='ocrx_word' id='word_1_158' title='bbox 1653 1976 1882 2018; x_wconf 83' lang='lat' dir='ltr'>dissolvit.</span> 
     </span>
    </p>
   </div>
   <div class='ocr_carea' id='block_1_6' title="bbox 563 2046 1939 2101">
    <p class='ocr_par' dir='ltr' id='par_1_7' title="bbox 563 2046 1939 2101">
     <span class='ocr_line' id='line_1_27' title="bbox 563 2046 1939 2101; baseline 0 -15"><span class='ocrx_word' id='word_1_159' title='bbox 563 2046 720 2086; x_wconf 87' lang='lat' dir='ltr'>Primo</span> <span class='ocrx_word' id='word_1_160' title='bbox 753 2060 840 2100; x_wconf 89' lang='lat' dir='ltr'>per</span> <span class='ocrx_word' id='word_1_161' title='bbox 878 2048 969 2088; x_wconf 91' lang='lat' dir='ltr'>hoc</span> <span class='ocrx_word' id='word_1_162' title='bbox 1008 2048 1137 2100; x_wconf 91' lang='lat' dir='ltr'>quod</span> <span class='ocrx_word' id='word_1_163' title='bbox 1169 2061 1293 2101; x_wconf 89' lang='lat' dir='ltr'>papa</span> <span class='ocrx_word' id='word_1_164' title='bbox 1325 2061 1419 2088; x_wconf 90' lang='lat' dir='ltr'>non</span> <span class='ocrx_word' id='word_1_165' title='bbox 1451 2053 1620 2101; x_wconf 86' lang='lat' dir='ltr'>posset</span> <span class='ocrx_word' id='word_1_166' title='bbox 1651 2047 1884 2101; x_wconf 87' lang='lat' dir='ltr'>perficere</span> <span class='ocrx_word' id='word_1_167' title='bbox 1925 2054 1939 2086; x_wconf 92' lang='lat'><strong>5</strong></span> 
     </span>
    </p>
   </div>
   <div class='ocr_carea' id='block_1_7' title="bbox 561 2117 1884 2729">
    <p class='ocr_par' dir='ltr' id='par_1_8' title="bbox 561 2117 1884 2729">
     <span class='ocr_line' id='line_1_28' title="bbox 564 2117 1884 2170; baseline 0.001 -14"><span class='ocrx_word' id='word_1_168' title='bbox 564 2129 697 2156; x_wconf 83' lang='lat' dir='ltr'>suum</span> <span class='ocrx_word' id='word_1_169' title='bbox 736 2117 942 2157; x_wconf 86' lang='lat' dir='ltr'>officium</span> <span class='ocrx_word' id='word_1_170' title='bbox 980 2130 1069 2158; x_wconf 92' lang='lat' dir='ltr'>nec</span> <span class='ocrx_word' id='word_1_171' title='bbox 1102 2117 1361 2158; x_wconf 87' lang='lat' dir='ltr'>honorifice</span> <span class='ocrx_word' id='word_1_172' title='bbox 1399 2123 1563 2158; x_wconf 89' lang='lat' dir='ltr'>tenere</span> <span class='ocrx_word' id='word_1_173' title='bbox 1603 2123 1774 2158; x_wconf 89' lang='lat' dir='ltr'>statum</span> <span class='ocrx_word' id='word_1_174' title='bbox 1804 2130 1884 2170; x_wconf 89' lang='lat' dir='ltr'>pa-</span> 
     </span>
     <span class='ocr_line' id='line_1_29' title="bbox 562 2186 1883 2241; baseline 0.001 -16"><span class='ocrx_word' id='word_1_175' title='bbox 562 2186 714 2238; x_wconf 83' lang='lat' dir='ltr'>palem</span> <span class='ocrx_word' id='word_1_176' title='bbox 759 2186 858 2227; x_wconf 83' lang='lat' dir='ltr'>sine</span> <span class='ocrx_word' id='word_1_177' title='bbox 895 2186 980 2227; x_wconf 84' lang='lat' dir='ltr'>tali</span> <span class='ocrx_word' id='word_1_178' title='bbox 1019 2187 1240 2238; x_wconf 90' lang='lat' dir='ltr'>dominio,</span> <span class='ocrx_word' id='word_1_179' title='bbox 1288 2192 1334 2227; x_wconf 90' lang='lat' dir='ltr'>et</span> <span class='ocrx_word' id='word_1_180' title='bbox 1374 2187 1578 2227; x_wconf 85' lang='lat' dir='ltr'>declarat</span> <span class='ocrx_word' id='word_1_181' title='bbox 1611 2187 1883 2241; x_wconf 87' lang='lat' dir='ltr'>oppositum</span> 
     </span>
     <span class='ocr_line' id='line_1_30' title="bbox 562 2255 1883 2310; baseline 0.001 -16"><span class='ocrx_word' id='word_1_182' title='bbox 562 2269 650 2308; x_wconf 88' lang='lat' dir='ltr'>per</span> <span class='ocrx_word' id='word_1_183' title='bbox 680 2255 1015 2297; x_wconf 87' lang='lat' dir='ltr'>Bernhardum.</span> <span class='ocrx_word' id='word_1_184' title='bbox 1055 2255 1278 2297; x_wconf 87' lang='lat' dir='ltr'>Secundo</span> <span class='ocrx_word' id='word_1_185' title='bbox 1313 2256 1460 2297; x_wconf 87' lang='lat' dir='ltr'>obicit</span> <span class='ocrx_word' id='word_1_186' title='bbox 1491 2270 1579 2310; x_wconf 93' lang='lat' dir='ltr'>per</span> <span class='ocrx_word' id='word_1_187' title='bbox 1609 2257 1715 2307; x_wconf 78' lang='lat' dir='ltr'>hoc7</span> <span class='ocrx_word' id='word_1_188' title='bbox 1756 2256 1883 2310; x_wconf 91' lang='lat' dir='ltr'>quod</span> 
     </span>
     <span class='ocr_line' id='line_1_31' title="bbox 563 2325 1882 2380; baseline 0.001 -15"><span class='ocrx_word' id='word_1_189' title='bbox 563 2325 694 2365; x_wconf 90' lang='lat' dir='ltr'>multi</span> <span class='ocrx_word' id='word_1_190' title='bbox 739 2326 888 2366; x_wconf 86' lang='lat' dir='ltr'>sancti</span> <span class='ocrx_word' id='word_1_191' title='bbox 940 2326 1160 2379; x_wconf 88' lang='lat' dir='ltr'>episcopi</span> <span class='ocrx_word' id='word_1_192' title='bbox 1212 2328 1535 2380; x_wconf 88' lang='lat' dir='ltr'>approbarunt</span> <span class='ocrx_word' id='word_1_193' title='bbox 1582 2326 1882 2367; x_wconf 89' lang='lat' dir='ltr'>dotacionem</span> 
     </span>
     <span class='ocr_line' id='line_1_32' title="bbox 561 2394 1882 2449; baseline 0.002 -15"><span class='ocrx_word' id='word_1_194' title='bbox 561 2394 827 2435; x_wconf 87' lang='lat' dir='ltr'>huiusmodi</span> <span class='ocrx_word' id='word_1_195' title='bbox 861 2401 909 2436; x_wconf 91' lang='lat' dir='ltr'>et</span> <span class='ocrx_word' id='word_1_196' title='bbox 937 2395 1169 2446; x_wconf 72' lang='lat' dir='ltr'>dissolvit7</span> <span class='ocrx_word' id='word_1_197' title='bbox 1204 2397 1444 2436; x_wconf 89' lang='lat' dir='ltr'>declarans</span> <span class='ocrx_word' id='word_1_198' title='bbox 1470 2401 1692 2449; x_wconf 89' lang='lat' dir='ltr'>quantum</span> <span class='ocrx_word' id='word_1_199' title='bbox 1715 2396 1882 2436; x_wconf 88' lang='lat' dir='ltr'>malum</span> 
     </span>
     <span class='ocr_line' id='line_1_33' title="bbox 565 2465 1882 2519; baseline 0.001 -15"><span class='ocrx_word' id='word_1_200' title='bbox 565 2465 797 2518; x_wconf 82' lang='lat' dir='ltr'>contingit</span> <span class='ocrx_word' id='word_1_201' title='bbox 820 2478 881 2505; x_wconf 82' lang='lat' dir='ltr'>ex</span> <span class='ocrx_word' id='word_1_202' title='bbox 901 2465 994 2505; x_wconf 90' lang='lat' dir='ltr'>isto</span> <span class='ocrx_word' id='word_1_203' title='bbox 1017 2465 1285 2519; x_wconf 84' lang='lat' dir='ltr'>porismate,</span> <span class='ocrx_word' id='word_1_204' title='bbox 1316 2479 1419 2506; x_wconf 90' lang='lat' dir='ltr'>cum</span> <span class='ocrx_word' id='word_1_205' title='bbox 1441 2465 1680 2519; x_wconf 90' lang='lat' dir='ltr'>sequimur</span> <span class='ocrx_word' id='word_1_206' title='bbox 1701 2465 1882 2505; x_wconf 83' lang='lat' dir='ltr'>mixtim</span> 
     </span>
     <span class='ocr_line' id='line_1_34' title="bbox 562 2534 1880 2589; baseline 0 -15"><span class='ocrx_word' id='word_1_207' title='bbox 562 2536 687 2575; x_wconf 83' lang='lat' dir='ltr'>bona</span> <span class='ocrx_word' id='word_1_208' title='bbox 709 2535 969 2575; x_wconf 89' lang='lat' dir='ltr'>secundum</span> <span class='ocrx_word' id='word_1_209' title='bbox 999 2535 1238 2575; x_wconf 87' lang='lat' dir='ltr'>racionem</span> <span class='ocrx_word' id='word_1_210' title='bbox 1272 2549 1363 2589; x_wconf 91' lang='lat' dir='ltr'>qua</span> <span class='ocrx_word' id='word_1_211' title='bbox 1406 2540 1515 2576; x_wconf 87' lang='lat' dir='ltr'>sunt</span> <span class='ocrx_word' id='word_1_212' title='bbox 1545 2536 1673 2576; x_wconf 88' lang='lat' dir='ltr'>mala.</span> <span class='ocrx_word' id='word_1_213' title='bbox 1711 2534 1880 2575; x_wconf 82' lang='lat' dir='ltr'>Tercio</span> 
     </span>
     <span class='ocr_line' id='line_1_35' title="bbox 565 2605 1879 2659; baseline -0.001 -14"><span class='ocrx_word' id='word_1_214' title='bbox 565 2605 711 2646; x_wconf 85' lang='lat' dir='ltr'>obicit</span> <span class='ocrx_word' id='word_1_215' title='bbox 752 2618 840 2659; x_wconf 89' lang='lat' dir='ltr'>per</span> <span class='ocrx_word' id='word_1_216' title='bbox 881 2606 985 2656; x_wconf 80' lang='lat' dir='ltr'>hoc,</span> <span class='ocrx_word' id='word_1_217' title='bbox 1032 2607 1160 2659; x_wconf 91' lang='lat' dir='ltr'>quod</span> <span class='ocrx_word' id='word_1_218' title='bbox 1200 2611 1273 2646; x_wconf 92' lang='lat' dir='ltr'>est</span> <span class='ocrx_word' id='word_1_219' title='bbox 1306 2605 1552 2646; x_wconf 85' lang='lat' dir='ltr'>distinccio</span> <span class='ocrx_word' id='word_1_220' title='bbox 1591 2606 1715 2646; x_wconf 91' lang='lat' dir='ltr'>inter</span> <span class='ocrx_word' id='word_1_221' title='bbox 1746 2611 1879 2658; x_wconf 89' lang='lat' dir='ltr'>pote-</span> 
     </span>
     <span class='ocr_line' id='line_1_36' title="bbox 564 2675 1880 2729; baseline -0.001 -14"><span class='ocrx_word' id='word_1_222' title='bbox 564 2680 732 2716; x_wconf 86' lang='lat' dir='ltr'>statem</span> <span class='ocrx_word' id='word_1_223' title='bbox 774 2675 1089 2716; x_wconf 89' lang='lat' dir='ltr'>iurisdicionis</span> <span class='ocrx_word' id='word_1_224' title='bbox 1135 2681 1183 2716; x_wconf 91' lang='lat' dir='ltr'>et</span> <span class='ocrx_word' id='word_1_225' title='bbox 1227 2675 1415 2727; x_wconf 86' lang='lat' dir='ltr'>ordinis,</span> <span class='ocrx_word' id='word_1_226' title='bbox 1469 2689 1525 2716; x_wconf 91' lang='lat' dir='ltr'>eo</span> <span class='ocrx_word' id='word_1_227' title='bbox 1580 2675 1707 2729; x_wconf 87' lang='lat' dir='ltr'>quod</span> <span class='ocrx_word' id='word_1_228' title='bbox 1753 2675 1880 2715; x_wconf 78' lang='lat' dir='ltr'>solus</span> 
     </span>
    </p>
   </div>
   <div class='ocr_carea' id='block_1_8' title="bbox 1903 659 1917 690">
    <p class='ocr_par' dir='ltr' id='par_1_9' title="bbox 1903 659 1917 690">
     <span class='ocr_line' id='line_1_37' title="bbox 1903 659 1917 690; baseline 0 0"><span class='ocrx_word' id='word_1_229' title='bbox 1903 659 1917 690; x_wconf 87' lang='lat'><strong>5</strong></span> 
     </span>
    </p>
   </div>
   <div class='ocr_carea' id='block_1_9' title="bbox 1907 1018 1943 1039">
    <p class='ocr_par' dir='ltr' id='par_1_10' title="bbox 1907 1018 1943 1039">
     <span class='ocr_line' id='line_1_38' title="bbox 1907 1018 1943 1039; baseline 0 0"><span class='ocrx_word' id='word_1_230' title='bbox 1907 1018 1943 1039; x_wconf 84' lang='lat'>10</span> 
     </span>
    </p>
   </div>
   <div class='ocr_carea' id='block_1_10' title="bbox 1927 1286 2007 1319">
    <p class='ocr_par' dir='ltr' id='par_1_11' title="bbox 1927 1286 2007 1319">
     <span class='ocr_line' id='line_1_39' title="bbox 1927 1286 2007 1319; baseline 0.025 -2"><span class='ocrx_word' id='word_1_231' title='bbox 1927 1286 2007 1319; x_wconf 68' lang='lat'>203⁶</span> 
     </span>
    </p>
   </div>
   <div class='ocr_carea' id='block_1_11' title="bbox 1901 2402 1940 2434">
    <p class='ocr_par' dir='ltr' id='par_1_12' title="bbox 1901 2402 1940 2434">
     <span class='ocr_line' id='line_1_40' title="bbox 1901 2402 1940 2434; baseline 0 -1"><span class='ocrx_word' id='word_1_232' title='bbox 1901 2402 1940 2434; x_wconf 57' lang='lat'>30</span> 
     </span>
    </p>
   </div>
   <div class='ocr_carea' id='block_1_12' title="bbox 563 2745 1937 2799">
    <p class='ocr_par' dir='ltr' id='par_1_13' title="bbox 563 2745 1937 2799">
     <span class='ocr_line' id='line_1_41' title="bbox 563 2745 1937 2799; baseline -0.001 -15"><span class='ocrx_word' id='word_1_233' title='bbox 563 2758 687 2798; x_wconf 90' lang='lat' dir='ltr'>papa</span> <span class='ocrx_word' id='word_1_234' title='bbox 717 2745 864 2786; x_wconf 87' lang='lat' dir='ltr'>habet</span> <span class='ocrx_word' id='word_1_235' title='bbox 893 2750 1181 2798; x_wconf 84' lang='lat' dir='ltr'>potestatem</span> <span class='ocrx_word' id='word_1_236' title='bbox 1214 2758 1359 2799; x_wconf 90' lang='lat' dir='ltr'>super</span> <span class='ocrx_word' id='word_1_237' title='bbox 1389 2745 1700 2786; x_wconf 85' lang='lat' dir='ltr'>universalem</span> <span class='ocrx_word' id='word_1_238' title='bbox 1729 2745 1880 2784; x_wconf 85' lang='lat' dir='ltr'>eccle-</span> <span class='ocrx_word' id='word_1_239' title='bbox 1898 2751 1937 2784; x_wconf 68' lang='lat'>5³5</span> 
     </span>
    </p>
   </div>
   <div class='ocr_carea' id='block_1_13' title="bbox 565 2813 1879 2937">
    <p class='ocr_par' dir='ltr' id='par_1_14' title="bbox 565 2813 1879 2937">
     <span class='ocr_line' id='line_1_42' title="bbox 565 2813 1879 2869; baseline -0.001 -15"><span class='ocrx_word' id='word_1_240' title='bbox 565 2815 697 2867; x_wconf 87' lang='lat' dir='ltr'>siam;</span> <span class='ocrx_word' id='word_1_241' title='bbox 728 2828 823 2855; x_wconf 88' lang='lat' dir='ltr'>non</span> <span class='ocrx_word' id='word_1_242' title='bbox 848 2815 969 2855; x_wconf 89' lang='lat' dir='ltr'>enim</span> <span class='ocrx_word' id='word_1_243' title='bbox 999 2821 1070 2855; x_wconf 88' lang='lat' dir='ltr'>est</span> <span class='ocrx_word' id='word_1_244' title='bbox 1094 2815 1217 2855; x_wconf 92' lang='lat' dir='ltr'>aliud</span> <span class='ocrx_word' id='word_1_245' title='bbox 1239 2815 1483 2869; x_wconf 91' lang='lat' dir='ltr'>proprium</span> <span class='ocrx_word' id='word_1_246' title='bbox 1511 2828 1636 2868; x_wconf 88' lang='lat' dir='ltr'>pape</span> <span class='ocrx_word' id='word_1_247' title='bbox 1661 2813 1879 2864; x_wconf 66' lang='lat' dir='ltr'>officium,</span> 
     </span>
     <span class='ocr_line' id='line_1_43' title="bbox 565 2884 1879 2937; baseline 0 -13"><span class='ocrx_word' id='word_1_248' title='bbox 565 2889 614 2924; x_wconf 91' lang='lat' dir='ltr'>et</span> <span class='ocrx_word' id='word_1_249' title='bbox 646 2884 878 2937; x_wconf 86' lang='lat' dir='ltr'>dissolvit,</span> <span class='ocrx_word' id='word_1_250' title='bbox 918 2885 1189 2926; x_wconf 81' lang='lat' dir='ltr'>concedens</span> <span class='ocrx_word' id='word_1_251' title='bbox 1228 2885 1585 2926; x_wconf 86' lang='lat' dir='ltr'>distinccionem</span> <span class='ocrx_word' id='word_1_252' title='bbox 1620 2892 1666 2924; x_wconf 82' lang='lat' dir='ltr'>ct</span> <span class='ocrx_word' id='word_1_253' title='bbox 1698 2897 1879 2937; x_wconf 76' lang='lat' dir='ltr'>negans</span> 
     </span>
    </p>
   </div>
  </div>
 </body>
</html>
