<?xml version="1.0" encoding="UTF-8"?>
<!DOCTYPE html PUBLIC "-//W3C//DTD XHTML 1.0 Transitional//EN"
    "http://www.w3.org/TR/xhtml1/DTD/xhtml1-transitional.dtd">
<html xmlns="http://www.w3.org/1999/xhtml" xml:lang="en" lang="en">
 <head>
  <title>
</title>
<meta http-equiv="Content-Type" content="text/html;charset=utf-8" />
  <meta name='ocr-system' content='tesseract 3.04.00' />
  <meta name='ocr-capabilities' content='ocr_page ocr_carea ocr_par ocr_line ocrx_word'/>
</head>
<body>
  <div class='ocr_page' id='page_1' title='image "./tractatusdepotes00wycl_0465.png"; bbox 0 0 2078 3338; ppageno 0'>
   <div class='ocr_carea' id='block_1_1' title="bbox 623 281 1149 317">
    <p class='ocr_par' dir='ltr' id='par_1_1' title="bbox 623 281 1149 317">
     <span class='ocr_line' id='line_1_1' title="bbox 623 281 1149 317; baseline -0.002 -1"><span class='ocrx_word' id='word_1_1' title='bbox 623 285 681 316; x_wconf 86' lang='lat' dir='ltr'>DE</span> <span class='ocrx_word' id='word_1_2' title='bbox 709 283 991 317; x_wconf 78' lang='lat' dir='ltr'><strong>POTESTATE</strong></span> <span class='ocrx_word' id='word_1_3' title='bbox 1019 281 1149 316; x_wconf 79' lang='lat' dir='ltr'><strong>PAPE.</strong></span> 
     </span>
    </p>
   </div>
   <div class='ocr_carea' id='block_1_2' title="bbox 169 387 1553 2812">
    <p class='ocr_par' dir='ltr' id='par_1_2' title="bbox 169 387 1553 2812">
     <span class='ocr_line' id='line_1_2' title="bbox 231 387 1553 442; baseline -0.002 -12"><span class='ocrx_word' id='word_1_4' title='bbox 231 390 347 430; x_wconf 90' lang='lat' dir='ltr'>citer</span> <span class='ocrx_word' id='word_1_5' title='bbox 410 390 538 442; x_wconf 91' lang='lat' dir='ltr'>quod</span> <span class='ocrx_word' id='word_1_6' title='bbox 598 402 693 429; x_wconf 88' lang='lat' dir='ltr'>non</span> <span class='ocrx_word' id='word_1_7' title='bbox 752 393 949 442; x_wconf 88' lang='lat' dir='ltr'>propter</span> <span class='ocrx_word' id='word_1_8' title='bbox 1011 387 1344 441; x_wconf 88' lang='lat' dir='ltr'>capitalitatem</span> <span class='ocrx_word' id='word_1_9' title='bbox 1396 387 1553 427; x_wconf 81' lang='lat' dir='ltr'>Rome</span> 
     </span>
     <span class='ocr_line' id='line_1_3' title="bbox 231 458 1552 513; baseline -0.001 -15"><span class='ocrx_word' id='word_1_10' title='bbox 231 464 422 512; x_wconf 81' lang='lat' dir='ltr'>oportet</span> <span class='ocrx_word' id='word_1_11' title='bbox 453 458 737 513; x_wconf 82' lang='lat' dir='ltr'>generaliter</span> <span class='ocrx_word' id='word_1_12' title='bbox 779 459 878 499; x_wconf 90' lang='lat' dir='ltr'>eius</span> <span class='ocrx_word' id='word_1_13' title='bbox 912 458 1192 511; x_wconf 92' lang='lat' dir='ltr'>episcopum</span> <span class='ocrx_word' id='word_1_14' title='bbox 1227 471 1332 498; x_wconf 85' lang='lat' dir='ltr'>esse</span> <span class='ocrx_word' id='word_1_15' title='bbox 1369 470 1552 510; x_wconf 92' lang='lat' dir='ltr'>papam.</span> 
     </span>
     <span class='ocr_line' id='line_1_4' title="bbox 229 527 1551 581; baseline -0.002 -13"><span class='ocrx_word' id='word_1_16' title='bbox 229 527 398 568; x_wconf 87' lang='lat' dir='ltr'>Tercio</span> <span class='ocrx_word' id='word_1_17' title='bbox 431 530 603 581; x_wconf 89' lang='lat' dir='ltr'>probat</span> <span class='ocrx_word' id='word_1_18' title='bbox 635 527 883 581; x_wconf 83' lang='lat' dir='ltr'>tripliciter</span> <span class='ocrx_word' id='word_1_19' title='bbox 928 528 1056 581; x_wconf 88' lang='lat' dir='ltr'>quod</span> <span class='ocrx_word' id='word_1_20' title='bbox 1088 541 1182 568; x_wconf 93' lang='lat' dir='ltr'>non</span> <span class='ocrx_word' id='word_1_21' title='bbox 1226 532 1426 581; x_wconf 89' lang='lat' dir='ltr'>propter</span> <span class='ocrx_word' id='word_1_22' title='bbox 1458 541 1551 566; x_wconf 91' lang='lat' dir='ltr'>mu-</span> 
     </span>
     <span class='ocr_line' id='line_1_5' title="bbox 229 596 1552 650; baseline -0.002 -12"><span class='ocrx_word' id='word_1_23' title='bbox 229 603 359 638; x_wconf 87' lang='lat' dir='ltr'>tuum</span> <span class='ocrx_word' id='word_1_24' title='bbox 403 597 619 638; x_wconf 88' lang='lat' dir='ltr'>iuvamen</span> <span class='ocrx_word' id='word_1_25' title='bbox 666 597 777 637; x_wconf 89' lang='lat' dir='ltr'>cleri</span> <span class='ocrx_word' id='word_1_26' title='bbox 826 603 874 637; x_wconf 91' lang='lat' dir='ltr'>et</span> <span class='ocrx_word' id='word_1_27' title='bbox 916 596 1085 637; x_wconf 86' lang='lat' dir='ltr'>milicie</span> <span class='ocrx_word' id='word_1_28' title='bbox 1139 602 1332 650; x_wconf 86' lang='lat' dir='ltr'>oportet</span> <span class='ocrx_word' id='word_1_29' title='bbox 1383 609 1552 649; x_wconf 87' lang='lat' dir='ltr'>papam</span> 
     </span>
     <span class='ocr_line' id='line_1_6' title="bbox 198 665 1552 719; baseline -0.001 -13"><span class='ocrx_word' id='word_1_30' title='bbox 198 675 336 706; x_wconf 63' lang='lat' dir='ltr'>besse</span> <span class='ocrx_word' id='word_1_31' title='bbox 370 679 472 706; x_wconf 87' lang='lat' dir='ltr'>cum</span> <span class='ocrx_word' id='word_1_32' title='bbox 508 680 683 719; x_wconf 83' lang='lat' dir='ltr'>cesare,</span> <span class='ocrx_word' id='word_1_33' title='bbox 725 672 772 707; x_wconf 90' lang='lat' dir='ltr'>et</span> <span class='ocrx_word' id='word_1_34' title='bbox 804 666 1044 706; x_wconf 84' lang='lat' dir='ltr'>convincit</span> <span class='ocrx_word' id='word_1_35' title='bbox 1076 666 1248 719; x_wconf 87' lang='lat' dir='ltr'>triplici</span> <span class='ocrx_word' id='word_1_36' title='bbox 1278 665 1552 706; x_wconf 88' lang='lat' dir='ltr'>testimonio</span> 
     </span>
     <span class='ocr_line' id='line_1_7' title="bbox 227 734 1551 791; baseline 0 -16"><span class='ocrx_word' id='word_1_37' title='bbox 227 736 534 789; x_wconf 77' lang='lat' dir='ltr'>mendacium,</span> <span class='ocrx_word' id='word_1_38' title='bbox 558 737 744 791; x_wconf 87' lang='lat' dir='ltr'>fingens</span> <span class='ocrx_word' id='word_1_39' title='bbox 768 737 896 789; x_wconf 85' lang='lat' dir='ltr'>quod</span> <span class='ocrx_word' id='word_1_40' title='bbox 919 749 1013 776; x_wconf 90' lang='lat' dir='ltr'>non</span> <span class='ocrx_word' id='word_1_41' title='bbox 1037 748 1061 775; x_wconf 92' lang='lat' dir='ltr'>a</span> <span class='ocrx_word' id='word_1_42' title='bbox 1085 748 1245 775; x_wconf 83' lang='lat' dir='ltr'>cesare</span> <span class='ocrx_word' id='word_1_43' title='bbox 1263 736 1348 775; x_wconf 92' lang='lat' dir='ltr'>sed</span> <span class='ocrx_word' id='word_1_44' title='bbox 1365 734 1551 775; x_wconf 81' lang='lat' dir='ltr'>Christo</span> 
     </span>
     <span class='ocr_line' id='line_1_8' title="bbox 227 804 1551 858; baseline -0.002 -12"><span class='ocrx_word' id='word_1_45' title='bbox 227 806 305 846; x_wconf 87' lang='lat' dir='ltr'>vel</span> <span class='ocrx_word' id='word_1_46' title='bbox 329 805 473 847; x_wconf 84' lang='lat' dir='ltr'>Petro</span> <span class='ocrx_word' id='word_1_47' title='bbox 508 806 708 846; x_wconf 88' lang='lat' dir='ltr'>ecclesia</span> <span class='ocrx_word' id='word_1_48' title='bbox 741 810 814 846; x_wconf 91' lang='lat' dir='ltr'>est</span> <span class='ocrx_word' id='word_1_49' title='bbox 846 806 1016 846; x_wconf 89' lang='lat' dir='ltr'>dotata.</span> <span class='ocrx_word' id='word_1_50' title='bbox 1053 804 1233 858; x_wconf 75' lang='lat' dir='ltr'>Quarto</span> <span class='ocrx_word' id='word_1_51' title='bbox 1267 806 1443 858; x_wconf 90' lang='lat' dir='ltr'>probat</span> <span class='ocrx_word' id='word_1_52' title='bbox 1474 804 1551 844; x_wconf 89' lang='lat' dir='ltr'>tri-</span> 
     </span>
     <span class='ocr_line' id='line_1_9' title="bbox 227 873 1551 929; baseline -0.002 -13"><span class='ocrx_word' id='word_1_53' title='bbox 227 876 428 929; x_wconf 72' lang='lat' dir='ltr'>pliciter,</span> <span class='ocrx_word' id='word_1_54' title='bbox 463 876 592 929; x_wconf 88' lang='lat' dir='ltr'>quod</span> <span class='ocrx_word' id='word_1_55' title='bbox 614 889 708 916; x_wconf 92' lang='lat' dir='ltr'>non</span> <span class='ocrx_word' id='word_1_56' title='bbox 743 889 804 915; x_wconf 84' lang='lat' dir='ltr'>ex</span> <span class='ocrx_word' id='word_1_57' title='bbox 825 875 919 915; x_wconf 92' lang='lat' dir='ltr'>loci</span> <span class='ocrx_word' id='word_1_58' title='bbox 950 874 1199 915; x_wconf 84' lang='lat' dir='ltr'>sanctitate</span> <span class='ocrx_word' id='word_1_59' title='bbox 1234 879 1427 927; x_wconf 86' lang='lat' dir='ltr'>oportet</span> <span class='ocrx_word' id='word_1_60' title='bbox 1449 873 1551 913; x_wconf 80' lang='lat' dir='ltr'>Ro-</span> 
     </span>
     <span class='ocr_line' id='line_1_10' title="bbox 227 943 1553 998; baseline -0.002 -12"><span class='ocrx_word' id='word_1_61' title='bbox 227 959 410 986; x_wconf 85' lang='lat' dir='ltr'>manum</span> <span class='ocrx_word' id='word_1_62' title='bbox 462 945 738 998; x_wconf 88' lang='lat' dir='ltr'>pontificem</span> <span class='ocrx_word' id='word_1_63' title='bbox 793 957 900 985; x_wconf 88' lang='lat' dir='ltr'>esse</span> <span class='ocrx_word' id='word_1_64' title='bbox 952 957 1132 998; x_wconf 91' lang='lat' dir='ltr'>papam.</span> <span class='ocrx_word' id='word_1_65' title='bbox 1196 943 1372 996; x_wconf 74' lang='lat' dir='ltr'>Quinto</span> <span class='ocrx_word' id='word_1_66' title='bbox 1430 943 1553 984; x_wconf 88' lang='lat' dir='ltr'>tollit</span> 
     </span>
     <span class='ocr_line' id='line_1_11' title="bbox 175 1013 1553 1069; baseline -0.002 -13"><span class='ocrx_word' id='word_1_67' title='bbox 175 1031 212 1051; x_wconf 85' lang='lat'>10</span> <span class='ocrx_word' id='word_1_68' title='bbox 226 1015 474 1069; x_wconf 86' lang='lat' dir='ltr'>tripliciter</span> <span class='ocrx_word' id='word_1_69' title='bbox 497 1015 755 1055; x_wconf 89' lang='lat' dir='ltr'>secundum</span> <span class='ocrx_word' id='word_1_70' title='bbox 777 1014 946 1065; x_wconf 88' lang='lat' dir='ltr'>fucum,</span> <span class='ocrx_word' id='word_1_71' title='bbox 977 1027 1070 1067; x_wconf 89' lang='lat' dir='ltr'>quo</span> <span class='ocrx_word' id='word_1_72' title='bbox 1099 1013 1294 1067; x_wconf 87' lang='lat' dir='ltr'>fingitur</span> <span class='ocrx_word' id='word_1_73' title='bbox 1317 1014 1446 1066; x_wconf 85' lang='lat' dir='ltr'>quod</span> <span class='ocrx_word' id='word_1_74' title='bbox 1467 1026 1553 1066; x_wconf 90' lang='lat' dir='ltr'>per</span> 
     </span>
     <span class='ocr_line' id='line_1_12' title="bbox 225 1083 1551 1137; baseline -0.002 -11"><span class='ocrx_word' id='word_1_75' title='bbox 225 1084 577 1126; x_wconf 83' lang='lat' dir='ltr'>institucionem</span> <span class='ocrx_word' id='word_1_76' title='bbox 608 1084 741 1124; x_wconf 88' lang='lat' dir='ltr'>Petri</span> <span class='ocrx_word' id='word_1_77' title='bbox 779 1083 999 1124; x_wconf 88' lang='lat' dir='ltr'>Clemens</span> <span class='ocrx_word' id='word_1_78' title='bbox 1044 1089 1091 1124; x_wconf 94' lang='lat' dir='ltr'>et</span> <span class='ocrx_word' id='word_1_79' title='bbox 1135 1083 1419 1137; x_wconf 85' lang='lat' dir='ltr'>generaliter</span> <span class='ocrx_word' id='word_1_80' title='bbox 1451 1083 1551 1123; x_wconf 87' lang='lat' dir='ltr'>Ro-</span> 
     </span>
     <span class='ocr_line' id='line_1_13' title="bbox 225 1152 1552 1208; baseline -0.002 -13"><span class='ocrx_word' id='word_1_81' title='bbox 225 1155 347 1195; x_wconf 90' lang='lat' dir='ltr'>mani</span> <span class='ocrx_word' id='word_1_82' title='bbox 377 1154 629 1208; x_wconf 87' lang='lat' dir='ltr'>pontifices</span> <span class='ocrx_word' id='word_1_83' title='bbox 660 1154 819 1194; x_wconf 86' lang='lat' dir='ltr'>forent</span> <span class='ocrx_word' id='word_1_84' title='bbox 848 1167 989 1207; x_wconf 90' lang='lat' dir='ltr'>pape.</span> <span class='ocrx_word' id='word_1_85' title='bbox 1025 1152 1175 1194; x_wconf 82' lang='lat' dir='ltr'>Sexto</span> <span class='ocrx_word' id='word_1_86' title='bbox 1198 1153 1378 1194; x_wconf 90' lang='lat' dir='ltr'>tollitur</span> <span class='ocrx_word' id='word_1_87' title='bbox 1409 1152 1552 1207; x_wconf 90' lang='lat' dir='ltr'>tripli-</span> 
     </span>
     <span class='ocr_line' id='line_1_14' title="bbox 228 1223 1551 1278; baseline -0.002 -13"><span class='ocrx_word' id='word_1_88' title='bbox 228 1225 345 1265; x_wconf 86' lang='lat' dir='ltr'>citer</span> <span class='ocrx_word' id='word_1_89' title='bbox 375 1224 523 1264; x_wconf 89' lang='lat' dir='ltr'>tercia</span> <span class='ocrx_word' id='word_1_90' title='bbox 553 1223 736 1274; x_wconf 88' lang='lat' dir='ltr'>ficticia,</span> <span class='ocrx_word' id='word_1_91' title='bbox 778 1237 869 1276; x_wconf 87' lang='lat' dir='ltr'>qua</span> <span class='ocrx_word' id='word_1_92' title='bbox 899 1223 1093 1278; x_wconf 88' lang='lat' dir='ltr'>fingitur</span> <span class='ocrx_word' id='word_1_93' title='bbox 1134 1224 1260 1276; x_wconf 90' lang='lat' dir='ltr'>quod</span> <span class='ocrx_word' id='word_1_94' title='bbox 1308 1223 1551 1263; x_wconf 89' lang='lat' dir='ltr'>eleccione</span> 
     </span>
     <span class='ocr_line' id='line_1_15' title="bbox 224 1291 1551 1346; baseline -0.001 -12"><span class='ocrx_word' id='word_1_95' title='bbox 224 1295 423 1334; x_wconf 90' lang='lat' dir='ltr'>humana</span> <span class='ocrx_word' id='word_1_96' title='bbox 440 1298 634 1346; x_wconf 89' lang='lat' dir='ltr'>oportet</span> <span class='ocrx_word' id='word_1_97' title='bbox 649 1292 918 1333; x_wconf 87' lang='lat' dir='ltr'>Romanum</span> <span class='ocrx_word' id='word_1_98' title='bbox 940 1291 1215 1345; x_wconf 88' lang='lat' dir='ltr'>pontificem</span> <span class='ocrx_word' id='word_1_99' title='bbox 1239 1305 1345 1332; x_wconf 89' lang='lat' dir='ltr'>esse</span> <span class='ocrx_word' id='word_1_100' title='bbox 1368 1306 1551 1346; x_wconf 91' lang='lat' dir='ltr'>papam.</span> 
     </span>
     <span class='ocr_line' id='line_1_16' title="bbox 174 1362 1553 1417; baseline 0.002 -17"><span class='ocrx_word' id='word_1_101' title='bbox 174 1362 440 1417; x_wconf 50' lang='lat' dir='ltr'>&amp;Septimo</span> <span class='ocrx_word' id='word_1_102' title='bbox 479 1368 634 1403; x_wconf 86' lang='lat' dir='ltr'>narrat</span> <span class='ocrx_word' id='word_1_103' title='bbox 679 1376 740 1402; x_wconf 82' lang='lat' dir='ltr'>ex</span> <span class='ocrx_word' id='word_1_104' title='bbox 778 1362 978 1403; x_wconf 87' lang='lat' dir='ltr'>cronicis</span> <span class='ocrx_word' id='word_1_105' title='bbox 1018 1363 1256 1415; x_wconf 89' lang='lat' dir='ltr'>quomodo</span> <span class='ocrx_word' id='word_1_106' title='bbox 1305 1363 1474 1417; x_wconf 88' lang='lat' dir='ltr'>regula</span> <span class='ocrx_word' id='word_1_107' title='bbox 1506 1368 1553 1404; x_wconf 89' lang='lat' dir='ltr'>et</span> 
     </span>
     <span class='ocr_line' id='line_1_17' title="bbox 225 1432 1551 1488; baseline -0.002 -14"><span class='ocrx_word' id='word_1_108' title='bbox 225 1433 578 1488; x_wconf 83' lang='lat' dir='ltr'>preeminencia</span> <span class='ocrx_word' id='word_1_109' title='bbox 608 1446 733 1486; x_wconf 90' lang='lat' dir='ltr'>pape</span> <span class='ocrx_word' id='word_1_110' title='bbox 765 1432 1089 1486; x_wconf 87' lang='lat' dir='ltr'>originabatur</span> <span class='ocrx_word' id='word_1_111' title='bbox 1122 1446 1148 1474; x_wconf 94' lang='lat' dir='ltr'>a</span> <span class='ocrx_word' id='word_1_112' title='bbox 1181 1445 1342 1473; x_wconf 88' lang='lat' dir='ltr'>cesare</span> <span class='ocrx_word' id='word_1_113' title='bbox 1377 1437 1423 1472; x_wconf 92' lang='lat' dir='ltr'>et</span> <span class='ocrx_word' id='word_1_114' title='bbox 1444 1432 1551 1472; x_wconf 86' lang='lat' dir='ltr'>irre-</span> 
     </span>
     <span class='ocr_line' id='line_1_18' title="bbox 224 1501 1552 1559; baseline -0.002 -15"><span class='ocrx_word' id='word_1_115' title='bbox 224 1503 395 1559; x_wconf 88' lang='lat' dir='ltr'>ligiose</span> <span class='ocrx_word' id='word_1_116' title='bbox 439 1516 492 1543; x_wconf 88' lang='lat' dir='ltr'>ac</span> <span class='ocrx_word' id='word_1_117' title='bbox 535 1502 861 1543; x_wconf 88' lang='lat' dir='ltr'>fraudulenter</span> <span class='ocrx_word' id='word_1_118' title='bbox 901 1502 1263 1544; x_wconf 88' lang='lat' dir='ltr'>continuabatur</span> <span class='ocrx_word' id='word_1_119' title='bbox 1301 1515 1325 1542; x_wconf 89' lang='lat' dir='ltr'>a</span> <span class='ocrx_word' id='word_1_120' title='bbox 1361 1501 1552 1542; x_wconf 88' lang='lat' dir='ltr'>brachio</span> 
     </span>
     <span class='ocr_line' id='line_1_19' title="bbox 227 1571 1549 1614; baseline -0.001 -1"><span class='ocrx_word' id='word_1_121' title='bbox 227 1573 440 1614; x_wconf 88' lang='lat' dir='ltr'>seculari.</span> <span class='ocrx_word' id='word_1_122' title='bbox 493 1571 679 1613; x_wconf 85' lang='lat' dir='ltr'>Octavo</span> <span class='ocrx_word' id='word_1_123' title='bbox 723 1578 878 1612; x_wconf 90' lang='lat' dir='ltr'>narrat</span> <span class='ocrx_word' id='word_1_124' title='bbox 928 1578 1025 1613; x_wconf 91' lang='lat' dir='ltr'>tres</span> <span class='ocrx_word' id='word_1_125' title='bbox 1080 1572 1384 1613; x_wconf 90' lang='lat' dir='ltr'>condiciones</span> <span class='ocrx_word' id='word_1_126' title='bbox 1417 1571 1549 1612; x_wconf 90' lang='lat' dir='ltr'>Anti-</span> 
     </span>
     <span class='ocr_line' id='line_1_20' title="bbox 227 1641 1552 1696; baseline 0.001 -14"><span class='ocrx_word' id='word_1_127' title='bbox 227 1642 390 1683; x_wconf 88' lang='lat' dir='ltr'>christi</span> <span class='ocrx_word' id='word_1_128' title='bbox 435 1656 497 1682; x_wconf 76' lang='lat' dir='ltr'>ex</span> <span class='ocrx_word' id='word_1_129' title='bbox 547 1641 818 1682; x_wconf 88' lang='lat' dir='ltr'>testimonio</span> <span class='ocrx_word' id='word_1_130' title='bbox 860 1642 1132 1696; x_wconf 82' lang='lat' dir='ltr'>Augustini.</span> <span class='ocrx_word' id='word_1_131' title='bbox 1195 1642 1333 1682; x_wconf 92' lang='lat' dir='ltr'>Nono</span> <span class='ocrx_word' id='word_1_132' title='bbox 1396 1648 1552 1683; x_wconf 90' lang='lat' dir='ltr'>narrat</span> 
     </span>
     <span class='ocr_line' id='line_1_21' title="bbox 169 1711 1551 1766; baseline -0.001 -14"><span class='ocrx_word' id='word_1_133' title='bbox 169 1727 210 1748; x_wconf 84' lang='lat'>20</span> <span class='ocrx_word' id='word_1_134' title='bbox 227 1713 466 1766; x_wconf 90' lang='lat' dir='ltr'>quomodo</span> <span class='ocrx_word' id='word_1_135' title='bbox 501 1718 597 1753; x_wconf 91' lang='lat' dir='ltr'>tres</span> <span class='ocrx_word' id='word_1_136' title='bbox 630 1725 755 1765; x_wconf 88' lang='lat' dir='ltr'>pape</span> <span class='ocrx_word' id='word_1_137' title='bbox 780 1712 927 1752; x_wconf 90' lang='lat' dir='ltr'>occisi</span> <span class='ocrx_word' id='word_1_138' title='bbox 950 1717 1060 1752; x_wconf 88' lang='lat' dir='ltr'>sunt</span> <span class='ocrx_word' id='word_1_139' title='bbox 1082 1725 1107 1752; x_wconf 90' lang='lat' dir='ltr'>a</span> <span class='ocrx_word' id='word_1_140' title='bbox 1128 1712 1282 1753; x_wconf 89' lang='lat' dir='ltr'>beatis</span> <span class='ocrx_word' id='word_1_141' title='bbox 1307 1717 1354 1753; x_wconf 93' lang='lat' dir='ltr'>et</span> <span class='ocrx_word' id='word_1_142' title='bbox 1375 1711 1551 1752; x_wconf 86' lang='lat' dir='ltr'>tercius</span> 
     </span>
     <span class='ocr_line' id='line_1_22' title="bbox 224 1781 1551 1836; baseline 0.001 -14"><span class='ocrx_word' id='word_1_143' title='bbox 224 1787 402 1835; x_wconf 89' lang='lat' dir='ltr'>papatu</span> <span class='ocrx_word' id='word_1_144' title='bbox 456 1782 676 1836; x_wconf 90' lang='lat' dir='ltr'>deposito</span> <span class='ocrx_word' id='word_1_145' title='bbox 731 1782 941 1836; x_wconf 85' lang='lat' dir='ltr'>gloriose</span> <span class='ocrx_word' id='word_1_146' title='bbox 992 1781 1221 1822; x_wconf 90' lang='lat' dir='ltr'>occiditur</span> <span class='ocrx_word' id='word_1_147' title='bbox 1264 1796 1291 1822; x_wconf 91' lang='lat' dir='ltr'>a</span> <span class='ocrx_word' id='word_1_148' title='bbox 1333 1788 1551 1835; x_wconf 84' lang='lat' dir='ltr'>tyrannO.</span> 
     </span>
     <span class='ocr_line' id='line_1_23' title="bbox 224 1851 1550 1905; baseline -0.001 -13"><span class='ocrx_word' id='word_1_149' title='bbox 224 1851 424 1892; x_wconf 88' lang='lat' dir='ltr'>Decimo</span> <span class='ocrx_word' id='word_1_150' title='bbox 458 1852 686 1892; x_wconf 89' lang='lat' dir='ltr'>narrando</span> <span class='ocrx_word' id='word_1_151' title='bbox 721 1851 933 1905; x_wconf 88' lang='lat' dir='ltr'>pericula</span> <span class='ocrx_word' id='word_1_152' title='bbox 954 1851 1161 1892; x_wconf 84' lang='lat' dir='ltr'>Romani</span> <span class='ocrx_word' id='word_1_153' title='bbox 1198 1851 1437 1905; x_wconf 89' lang='lat' dir='ltr'>pontificis</span> <span class='ocrx_word' id='word_1_154' title='bbox 1472 1864 1550 1891; x_wconf 84' lang='lat' dir='ltr'>ex-</span> 
     </span>
     <span class='ocr_line' id='line_1_24' title="bbox 224 1921 1394 1975; baseline 0.001 -14"><span class='ocrx_word' id='word_1_155' title='bbox 224 1921 360 1975; x_wconf 87' lang='lat' dir='ltr'>ponit</span> <span class='ocrx_word' id='word_1_156' title='bbox 392 1923 633 1975; x_wconf 87' lang='lat' dir='ltr'>quomodo</span> <span class='ocrx_word' id='word_1_157' title='bbox 668 1923 894 1962; x_wconf 87' lang='lat' dir='ltr'>debemus</span> <span class='ocrx_word' id='word_1_158' title='bbox 927 1927 1116 1975; x_wconf 88' lang='lat' dir='ltr'>tempus</span> <span class='ocrx_word' id='word_1_159' title='bbox 1147 1921 1394 1962; x_wconf 89' lang='lat' dir='ltr'>redimere.</span> 
     </span>
     <span class='ocr_line' id='line_1_25' title="bbox 285 1990 1552 2044; baseline 0 -13"><span class='ocrx_word' id='word_1_160' title='bbox 285 1990 550 2044; x_wconf 89' lang='lat' dir='ltr'>Capitulum</span> <span class='ocrx_word' id='word_1_161' title='bbox 573 2004 748 2031; x_wconf 90' lang='lat' dir='ltr'>nonum</span> <span class='ocrx_word' id='word_1_162' title='bbox 772 1991 977 2031; x_wconf 85' lang='lat' dir='ltr'>declarat</span> <span class='ocrx_word' id='word_1_163' title='bbox 1010 1990 1162 2044; x_wconf 89' lang='lat' dir='ltr'>primo</span> <span class='ocrx_word' id='word_1_164' title='bbox 1196 1990 1437 2044; x_wconf 87' lang='lat' dir='ltr'>quomodo</span> <span class='ocrx_word' id='word_1_165' title='bbox 1464 1991 1552 2031; x_wconf 90' lang='lat' dir='ltr'>erit</span> 
     </span>
     <span class='ocr_line' id='line_1_26' title="bbox 169 2061 1547 2115; baseline 0.003 -17"><span class='ocrx_word' id='word_1_166' title='bbox 169 2065 208 2098; x_wconf 77' lang='lat'>25</span> <span class='ocrx_word' id='word_1_167' title='bbox 225 2061 497 2101; x_wconf 90' lang='lat' dir='ltr'>necessario</span> <span class='ocrx_word' id='word_1_168' title='bbox 521 2074 641 2102; x_wconf 90' lang='lat' dir='ltr'>unus</span> <span class='ocrx_word' id='word_1_169' title='bbox 664 2075 801 2115; x_wconf 86' lang='lat' dir='ltr'>papa,</span> <span class='ocrx_word' id='word_1_170' title='bbox 837 2068 884 2103; x_wconf 87' lang='lat' dir='ltr'>et</span> <span class='ocrx_word' id='word_1_171' title='bbox 907 2062 1112 2102; x_wconf 88' lang='lat' dir='ltr'>declarat</span> <span class='ocrx_word' id='word_1_172' title='bbox 1140 2061 1401 2115; x_wconf 79' lang='lat' dir='ltr'>tripliciter,</span> <span class='ocrx_word' id='word_1_173' title='bbox 1436 2075 1547 2115; x_wconf 90' lang='lat' dir='ltr'>quo-</span> 
     </span>
     <span class='ocr_line' id='line_1_27' title="bbox 224 2130 1549 2185; baseline 0.002 -16"><span class='ocrx_word' id='word_1_174' title='bbox 224 2130 366 2170; x_wconf 88' lang='lat' dir='ltr'>modo</span> <span class='ocrx_word' id='word_1_175' title='bbox 409 2130 527 2172; x_wconf 87' lang='lat' dir='ltr'>ritus</span> <span class='ocrx_word' id='word_1_176' title='bbox 566 2130 773 2185; x_wconf 89' lang='lat' dir='ltr'>eligendi</span> <span class='ocrx_word' id='word_1_177' title='bbox 811 2145 982 2185; x_wconf 86' lang='lat' dir='ltr'>papam</span> <span class='ocrx_word' id='word_1_178' title='bbox 1024 2143 1216 2171; x_wconf 87' lang='lat' dir='ltr'>cesaree</span> <span class='ocrx_word' id='word_1_179' title='bbox 1249 2131 1549 2172; x_wconf 90' lang='lat' dir='ltr'>introductus</span> 
     </span>
     <span class='ocr_line' id='line_1_28' title="bbox 226 2199 1548 2254; baseline 0.002 -15"><span class='ocrx_word' id='word_1_180' title='bbox 226 2206 300 2240; x_wconf 89' lang='lat' dir='ltr'>est</span> <span class='ocrx_word' id='word_1_181' title='bbox 319 2199 518 2242; x_wconf 87' lang='lat' dir='ltr'>nocivus</span> <span class='ocrx_word' id='word_1_182' title='bbox 542 2200 765 2242; x_wconf 90' lang='lat' dir='ltr'>ecclesie:</span> <span class='ocrx_word' id='word_1_183' title='bbox 795 2201 948 2254; x_wconf 84' lang='lat' dir='ltr'>primo</span> <span class='ocrx_word' id='word_1_184' title='bbox 972 2201 1161 2242; x_wconf 90' lang='lat' dir='ltr'>racione</span> <span class='ocrx_word' id='word_1_185' title='bbox 1193 2201 1372 2242; x_wconf 84' lang='lat' dir='ltr'>novelli</span> <span class='ocrx_word' id='word_1_186' title='bbox 1405 2206 1454 2242; x_wconf 91' lang='lat' dir='ltr'>et</span> <span class='ocrx_word' id='word_1_187' title='bbox 1483 2201 1548 2241; x_wconf 92' lang='lat' dir='ltr'>in-</span> 
     </span>
     <span class='ocr_line' id='line_1_29' title="bbox 224 2269 1549 2325; baseline 0.001 -16"><span class='ocrx_word' id='word_1_188' title='bbox 224 2269 477 2311; x_wconf 86' lang='lat' dir='ltr'>fundabilis</span> <span class='ocrx_word' id='word_1_189' title='bbox 524 2276 656 2311; x_wconf 89' lang='lat' dir='ltr'>cetus</span> <span class='ocrx_word' id='word_1_190' title='bbox 704 2270 1017 2320; x_wconf 87' lang='lat' dir='ltr'>cardinalium,</span> <span class='ocrx_word' id='word_1_191' title='bbox 1072 2272 1284 2312; x_wconf 89' lang='lat' dir='ltr'>secundo</span> <span class='ocrx_word' id='word_1_192' title='bbox 1330 2285 1416 2325; x_wconf 91' lang='lat' dir='ltr'>per</span> <span class='ocrx_word' id='word_1_193' title='bbox 1457 2272 1549 2311; x_wconf 89' lang='lat' dir='ltr'>hoc</span> 
     </span>
     <span class='ocr_line' id='line_1_30' title="bbox 225 2339 1547 2394; baseline 0.002 -15"><span class='ocrx_word' id='word_1_194' title='bbox 225 2339 353 2392; x_wconf 89' lang='lat' dir='ltr'>quod</span> <span class='ocrx_word' id='word_1_195' title='bbox 396 2353 492 2380; x_wconf 91' lang='lat' dir='ltr'>non</span> <span class='ocrx_word' id='word_1_196' title='bbox 528 2340 642 2381; x_wconf 91' lang='lat' dir='ltr'>licet</span> <span class='ocrx_word' id='word_1_197' title='bbox 678 2341 908 2382; x_wconf 88' lang='lat' dir='ltr'>recedere</span> <span class='ocrx_word' id='word_1_198' title='bbox 947 2355 972 2381; x_wconf 91' lang='lat' dir='ltr'>a</span> <span class='ocrx_word' id='word_1_199' title='bbox 1004 2341 1097 2382; x_wconf 90' lang='lat' dir='ltr'>ritu</span> <span class='ocrx_word' id='word_1_200' title='bbox 1149 2355 1287 2394; x_wconf 85' lang='lat' dir='ltr'>quem</span> <span class='ocrx_word' id='word_1_201' title='bbox 1335 2341 1547 2382; x_wconf 88' lang='lat' dir='ltr'>Christus</span> 
     </span>
     <span class='ocr_line' id='line_1_31' title="bbox 169 2408 1549 2464; baseline 0.002 -16"><span class='ocrx_word' id='word_1_202' title='bbox 169 2414 210 2446; x_wconf 79' lang='lat'>30</span> <span class='ocrx_word' id='word_1_203' title='bbox 223 2408 437 2459; x_wconf 85' lang='lat' dir='ltr'>instituit,</span> <span class='ocrx_word' id='word_1_204' title='bbox 468 2409 516 2449; x_wconf 91' lang='lat' dir='ltr'>in</span> <span class='ocrx_word' id='word_1_205' title='bbox 549 2423 642 2462; x_wconf 87' lang='lat' dir='ltr'>quo</span> <span class='ocrx_word' id='word_1_206' title='bbox 667 2411 873 2451; x_wconf 87' lang='lat' dir='ltr'>declarat</span> <span class='ocrx_word' id='word_1_207' title='bbox 912 2410 1243 2464; x_wconf 81' lang='lat' dir='ltr'>sextupliciter</span> <span class='ocrx_word' id='word_1_208' title='bbox 1274 2411 1403 2464; x_wconf 87' lang='lat' dir='ltr'>quod</span> <span class='ocrx_word' id='word_1_209' title='bbox 1423 2410 1549 2451; x_wconf 89' lang='lat' dir='ltr'>idem</span> 
     </span>
     <span class='ocr_line' id='line_1_32' title="bbox 226 2478 1547 2534; baseline 0.002 -16"><span class='ocrx_word' id='word_1_210' title='bbox 226 2484 299 2518; x_wconf 90' lang='lat' dir='ltr'>est</span> <span class='ocrx_word' id='word_1_211' title='bbox 331 2478 590 2532; x_wconf 90' lang='lat' dir='ltr'>episcopus</span> <span class='ocrx_word' id='word_1_212' title='bbox 615 2484 663 2519; x_wconf 91' lang='lat' dir='ltr'>et</span> <span class='ocrx_word' id='word_1_213' title='bbox 685 2481 922 2532; x_wconf 82' lang='lat' dir='ltr'>sacerdos,</span> <span class='ocrx_word' id='word_1_214' title='bbox 958 2486 1005 2521; x_wconf 90' lang='lat' dir='ltr'>et</span> <span class='ocrx_word' id='word_1_215' title='bbox 1026 2480 1174 2521; x_wconf 88' lang='lat' dir='ltr'>tercio</span> <span class='ocrx_word' id='word_1_216' title='bbox 1197 2494 1283 2534; x_wconf 87' lang='lat' dir='ltr'>per</span> <span class='ocrx_word' id='word_1_217' title='bbox 1302 2482 1394 2521; x_wconf 92' lang='lat' dir='ltr'>hoc</span> <span class='ocrx_word' id='word_1_218' title='bbox 1419 2482 1547 2534; x_wconf 87' lang='lat' dir='ltr'>quod</span> 
     </span>
     <span class='ocr_line' id='line_1_33' title="bbox 226 2547 1545 2603; baseline 0.002 -15"><span class='ocrx_word' id='word_1_219' title='bbox 226 2547 478 2589; x_wconf 89' lang='lat' dir='ltr'>occasione</span> <span class='ocrx_word' id='word_1_220' title='bbox 511 2549 765 2590; x_wconf 88' lang='lat' dir='ltr'>eleccionis</span> <span class='ocrx_word' id='word_1_221' title='bbox 801 2549 1007 2590; x_wconf 89' lang='lat' dir='ltr'>officium</span> <span class='ocrx_word' id='word_1_222' title='bbox 1038 2550 1314 2603; x_wconf 87' lang='lat' dir='ltr'>predicandi</span> <span class='ocrx_word' id='word_1_223' title='bbox 1348 2563 1545 2603; x_wconf 89' lang='lat' dir='ltr'>suspen-</span> 
     </span>
     <span class='ocr_line' id='line_1_34' title="bbox 225 2617 1546 2673; baseline 0.002 -16"><span class='ocrx_word' id='word_1_224' title='bbox 225 2617 361 2668; x_wconf 86' lang='lat' dir='ltr'>ditur,</span> <span class='ocrx_word' id='word_1_225' title='bbox 403 2617 452 2658; x_wconf 90' lang='lat' dir='ltr'>in</span> <span class='ocrx_word' id='word_1_226' title='bbox 496 2631 590 2672; x_wconf 89' lang='lat' dir='ltr'>quo</span> <span class='ocrx_word' id='word_1_227' title='bbox 628 2619 858 2659; x_wconf 86' lang='lat' dir='ltr'>narrando</span> <span class='ocrx_word' id='word_1_228' title='bbox 898 2619 957 2659; x_wconf 89' lang='lat' dir='ltr'>de</span> <span class='ocrx_word' id='word_1_229' title='bbox 996 2619 1256 2673; x_wconf 87' lang='lat' dir='ltr'>quantitate</span> <span class='ocrx_word' id='word_1_230' title='bbox 1293 2619 1546 2672; x_wconf 89' lang='lat' dir='ltr'>potestatis</span> 
     </span>
     <span class='ocr_line' id='line_1_35' title="bbox 226 2687 1546 2743; baseline 0.002 -17"><span class='ocrx_word' id='word_1_231' title='bbox 226 2687 442 2740; x_wconf 88' lang='lat' dir='ltr'>episcopi</span> <span class='ocrx_word' id='word_1_232' title='bbox 464 2688 672 2729; x_wconf 86' lang='lat' dir='ltr'>declarat</span> <span class='ocrx_word' id='word_1_233' title='bbox 692 2688 844 2742; x_wconf 90' lang='lat' dir='ltr'>primo</span> <span class='ocrx_word' id='word_1_234' title='bbox 869 2702 1006 2742; x_wconf 88' lang='lat' dir='ltr'>quam</span> <span class='ocrx_word' id='word_1_235' title='bbox 1033 2702 1205 2729; x_wconf 87' lang='lat' dir='ltr'>vanum</span> <span class='ocrx_word' id='word_1_236' title='bbox 1229 2694 1302 2730; x_wconf 91' lang='lat' dir='ltr'>est</span> <span class='ocrx_word' id='word_1_237' title='bbox 1314 2702 1546 2743; x_wconf 89' lang='lat' dir='ltr'>pompare</span> 
     </span>
     <span class='ocr_line' id='line_1_36' title="bbox 169 2757 1545 2812; baseline 0.004 -19"><span class='ocrx_word' id='word_1_238' title='bbox 169 2757 284 2796; x_wconf 77' lang='lat' dir='ltr'>35de</span> <span class='ocrx_word' id='word_1_239' title='bbox 326 2757 674 2809; x_wconf 89' lang='lat' dir='ltr'>preeminencia</span> <span class='ocrx_word' id='word_1_240' title='bbox 711 2758 977 2799; x_wconf 88' lang='lat' dir='ltr'>huiusmodi</span> <span class='ocrx_word' id='word_1_241' title='bbox 1019 2758 1288 2812; x_wconf 88' lang='lat' dir='ltr'>potestatis,</span> <span class='ocrx_word' id='word_1_242' title='bbox 1334 2759 1545 2799; x_wconf 89' lang='lat' dir='ltr'>secundo</span> 
     </span>
    </p>
   </div>
   <div class='ocr_carea' id='block_1_3' title="bbox 299 2916 1407 2998">
    <p class='ocr_par' dir='ltr' id='par_1_3' title="bbox 299 2916 1407 2998">
     <span class='ocr_line' id='line_1_37' title="bbox 299 2916 593 2945; baseline 0.003 -2"><span class='ocrx_word' id='word_1_243' title='bbox 299 2924 342 2944; x_wconf 86' lang='lat'>12.</span> <span class='ocrx_word' id='word_1_244' title='bbox 366 2916 480 2944; x_wconf 83' lang='lat' dir='ltr'>Codd.:</span> <span class='ocrx_word' id='word_1_245' title='bbox 503 2917 593 2945; x_wconf 79' lang='lat' dir='ltr'>tollit.</span> 
     </span>
     <span class='ocr_line' id='line_1_38' title="bbox 1337 2965 1407 2998; baseline 0.014 -1"><span class='ocrx_word' id='word_1_246' title='bbox 1337 2965 1407 2998; x_wconf 77' lang='lat'>26*</span> 
     </span>
    </p>
   </div>
   <div class='ocr_carea' id='block_1_4' title="bbox 1759 283 1840 323">
    <p class='ocr_par' dir='ltr' id='par_1_4' title="bbox 1759 283 1840 323">
     <span class='ocr_line' id='line_1_39' title="bbox 1759 283 1840 323; baseline 0.012 -1"><span class='ocrx_word' id='word_1_247' title='bbox 1759 283 1840 323; x_wconf 76' lang='lat'>403</span> 
     </span>
    </p>
   </div>
  </div>
 </body>
</html>
