2078 3338
261 239 312 276 62
991 249 1215 281 JOHANNJS
1240 249 1426 281 WYCLIF
1674 236 1782 293 [CAP.
1808 247 1860 276 w.

546 352 593 391 in
625 351 916 392 beatitudine
952 366 1089 406 quam
1121 353 1393 404 Johannem.
1437 353 1549 401 Non,
1584 353 1737 407 inquit
1766 354 1862 393 Au-

548 422 779 474 gustinus,
819 427 1039 474 quamtum
1077 424 1133 462 ab
1171 424 1261 462 alio
1293 424 1480 474 quolibet
1515 422 1720 464 Christus
1756 425 1861 463 dili—

541 492 670 543 gitur
711 492 828 531 scire
864 495 1058 544 poterat,
1102 493 1179 545 qui
1222 504 1299 532 cor
1345 493 1535 533 alterius
1581 493 1731 532 videre
1774 504 1862 532 uon

540 564 733 612 poterat,
758 564 796 600 et
817 561 913 601 ideo
928 562 1182 614 prudenter
1202 574 1291 601 non
1314 562 1421 602 dicit
1442 561 1630 603 Petrus:
1655 560 1859 611 Domine,

551 629 586 669 T
583 643 613 669 u
644 631 746 682 scis,
777 630 884 682 qnia
908 643 1013 670 amo
1035 632 1190 683 teplus
1210 631 1298 670 hiis
1318 632 1397 671 sed
1417 632 1633 671 asseruit.-
1654 631 1861 679 Domz'ne,
1880 635 1895 667 5

545 700 701 752 inquit,
751 699 786 738 T
783 712 813 738 u
844 702 944 751 scis,
984 701 1089 752 quia
1135 713 1240 740 amo
1272 703 1334 749 te,·
1375 701 1612 740 caritatem
1644 701 1793 753 itaque
1825 703 1864 739 et

545 769 666 808 alias
695 769 884 809 virtutes
915 769 1077 809 Petrus
1106 769 1262 809 habuit
1298 769 1345 808 in
1377 770 1453 809 via
1489 770 1737 809 secundum
1770 769 1860 807 ali-

546 850 684 891 quam
727 839 960 879 racionem
1005 839 1162 878 ceteris
1199 839 1416 891 apostolis
1446 840 1555 891 plus
1579 838 1820 891 perfectas.
1856 835 1860 892 Ι

778 1049 1204 1111 CAPITULUM
1246 1048 1633 1111 QUARTUM.

324 1214 450 1252 *petesvs
605 1192 868 1247 Supposito
892 1193 1021 1246 quod
1040 1193 1210 1233 beatus
1230 1192 1402 1233 Petrus
1424 1193 1588 1233 habuit
1615 1192 1863 1246 primatum
1907 1201 1986 1243 176²

283 1256 507 1310 ἷζᾎῗιῗῆἷρέῗέ
546 1263 668 1303 inter
701 1263 951 1316 apostolos
980 1263 1037 1303 ad
1068 1263 1345 1315 regendum,
1378 1262 1579 1302 arbitror
1611 1262 1738 1316 quod
1769 1275 1864 1302 non

266 1318 311 1344 ΜΞ
333 1326 520 1347 successor&
549 1333 698 1373 solum
722 1332 907 1385 accepit
927 1332 1174 1385 primatum
1203 1345 1291 1385 pro
1326 1345 1376 1372 se
1408 1332 1512 1385 ipso
1545 1333 1630 1372 sed
1651 1345 1739 1385 pro
1765 1331 1864 1372 eius

547 1402 732 1443 vicariis
766 1402 1133 1443 succedentibus
1164 1401 1211 1442 in
1245 1401 1447 1442 ecclesia
1472 1401 1713 1442 militante.
1748 1400 1863 1441 Cum

549 1472 668 1512 enim
685 1472 899 1513 Christus
921 1485 1016 1512 non
1038 1477 1203 1525 potest
1226 1472 1471 1512 ecclesiam
1496 1484 1624 1512 suam
1643 1472 1862 1511 deserere

548 1547 596 1582 et
653 1547 873 1595 oporteat
927 1542 1076 1595 ipsam
1134 1541 1408 1581 militantem
1464 1546 1578 1595 post
1629 1540 1862 1581 Christum
1884 1548 1918 1581 15

547 1611 809 1665 exemplari
840 1613 896 1651 ab
937 1611 1140 1652 ecclesia
1172 1611 1444 1664 apostolica,
1490 1611 1756 1651 mandatum
1789 1615 1863 1650 est

546 1682 685 1734 quod,
721 1681 843 1722 sicut
865 1680 1075 1722 Christus
1107 1680 1197 1721 fuit
1219 1681 1492 1734 capitaneus
1517 1685 1650 1721 cetus
1673 1685 1861 1733 aposto-

543 1750 621 1791 lici
665 1756 712 1790 et
753 1755 867 1804 post
908 1750 1063 1804 ipsum
1094 1750 1280 1803 Petrus,
1315 1750 1382 1791 sic
1414 1755 1608 1803 oportet
1640 1749 1860 1790 continue

545 1833 652 1861 esse
686 1820 979 1873 capitaneum
1010 1820 1057 1860 in
1092 1820 1294 1860 ecclesia
1323 1820 1560 1861 militante.
1606 1819 1704 1861 Sed
1737 1824 1858 1859 ante-

544 1903 681 1943 quam
737 1889 1022 1930 discuciatur
1072 1895 1226 1930 utrum
1280 1894 1501 1943 oporteat
1553 1889 1707 1943 ipsum
1754 1902 1859 1931 esse
1878 1907 1918 1928 20

328 1978 419 2006 What
439 1979 464 2006 15
542 1960 809 2000 Romanum
841 1959 1116 2012 pontificem
1147 1959 1477 2011 necessarium,
1521 1959 1721 1999 arbitror
1756 1972 1859 2012 pre-

296 2013 437 2047 required
457 2015 491 2041 of
926 2030 934 2037 .
1296 2029 1303 2037 .
1535 2029 1543 2036 .

281 2047 495 2076 Peter⁷svicar
545 2042 841 2083 cognoscere
880 2030 1055 2082 aliquas
1094 2035 1360 2071 sentencias
1397 2029 1749 2082 premittendas.
1799 2029 1861 2068 Et

300 2083 487 2146 ,ῗξᾏῖθζῗῇξῃ
542 2099 704 2151 primo,
750 2100 934 2152 qualem
980 2104 1174 2152 oportet
1218 2112 1324 2139 esse
1368 2098 1497 2138 beati
1540 2098 1672 2138 Petri
1715 2099 1858 2139 archi-

347 2153 432 2179 ⁵¹¹⁶¹¹'
543 2169 766 2209 vicarium
801 2174 848 2208 et
884 2182 971 2221 per
1004 2169 1116 2221 quid
1150 2168 1449 2209 constituitur
1480 2168 1613 2208 Petri
1644 2168 1857 2209 vicarius.

541 2237 643 2278 Nec
688 2238 833 2278 debet
881 2238 1011 2278 fideli
1059 2238 1182 2278 verti
1231 2238 1279 2278 in
1330 2238 1521 2279 dubium
1574 2238 1686 2291 quin
1738 2238 1913 2279 sicut25

540 2308 713 2349 Petrus
746 2321 808 2348 ex
838 2308 946 2348 hinc
976 2321 1065 2361 per
1093 2322 1144 2349 se
1176 2307 1265 2348 fuit
1288 2308 1459 2349 Christi
1481 2308 1695 2361 vicarius,
1730 2308 1857 2360 quod

540 2377 815 2431 magistrum
860 2392 993 2419 suum
1038 2378 1194 2431 quoad
1233 2382 1364 2418 actus
1399 2382 1447 2417 et
1477 2390 1633 2418 mores
1666 2381 1857 2417 secutus

540 2447 629 2487 fuit
660 2447 866 2497 similius,
911 2447 978 2488 sic
1013 2452 1203 2501 oportet
1233 2447 1366 2488 Petri
1397 2447 1619 2487 vicarium
1664 2446 1855 2488 similius

542 2518 786 2570 sequendo
831 2517 1027 2558 Petrum
1072 2518 1130 2557 de
1164 2530 1367 2570 corpore
1401 2516 1602 2558 ecclesie
1641 2516 1854 2556 derivari.

609 2698 637 2725 9.
658 2690 687 2717 A
706 2689 737 2717 in
758 2697 872 2725 marga
895 2689 1071 2725 Capitulum
1090 2695 1147 2722 4m-
1223 2688 1265 2717 18.
1283 2692 1372 2724 post;
1391 2689 1429 2717 B:
1452 2691 1577 2724 oportet
1596 2697 1667 2716 esse.
1743 2696 1792 2716 22.
1814 2688 1853 2715 ss:

536 2735 770 2771 permittendas.
844 2735 888 2763 25.
920 2736 942 2762 B
969 2736 1000 2763 in
1022 2743 1137 2770 marg.:
1167 2735 1274 2771 Qualis
1301 2735 1388 2762 dehet
1411 2743 1476 2762 esse
1501 2735 1728 2763 archt'vtcarius
1750 2735 1853 2767 Petri,-

538 2783 567 2809 A
587 2782 616 2809 in
639 2790 751 2817 marg:
777 2780 917 2810 Vicat-ius
936 2781 1023 2809 Petri
1034 2789 1095 2817 per
1115 2781 1191 2816 quid
1209 2782 1428 2809 constituatur.

615 2877 640 2897 1.
669 2866 819 2909 Loosely
846 2867 988 2908 quoted.
