2078 3338
274 281 355 319 234

292 392 384 427 Many
405 390 522 418 Roman

309 425 434 462 pontiffs
454 426 530 453 have

296 462 372 488 been
393 460 534 496 worldly.

313 1074 415 1101 These
434 1073 508 1100 false

282 1110 390 1137 claims
410 1115 503 1135 cause
524 1115 539 1134 a

356 1145 419 1172 loss
440 1144 474 1170 of

306 1178 513 1213 jurisdiction.

999 278 1224 310 JOHANNIS
1251 277 1436 309 WYCLIF
1709 265 1815 317 [CAP.
1836 274 1872 302 X.

561 381 769 422 Romani
789 382 1040 435 pontifices
1064 381 1155 422 sint
1177 381 1526 435 preeminenter
1550 380 1673 430 boni,
1699 381 1756 421 de
1781 381 1875 434 qui-
1916 389 1996 430 219⁰

562 452 652 492 bus
683 450 1009 504 intelliguntur
1038 451 1174 504 leges
1210 455 1257 490 et
1290 450 1413 490 dicta
1445 450 1706 500 doctorum,
1744 450 1877 490 multi

563 526 718 561 tamen
738 519 889 573 ignari
910 520 1007 560 vite
1032 519 1293 573 apostolice
1316 519 1596 559 mundanum
1624 519 1875 559 dominium

564 590 812 641 siciebant3
837 590 927 630 hoc
943 595 1097 630 autem
1118 595 1165 629 et
1182 602 1462 630 consensum
1487 589 1585 629 eius
1610 602 1661 629 ac
1684 588 1876 629 aliorum

565 672 775 700 errorum
799 659 1028 699 debemus
1060 659 1227 712 fugere
1261 664 1312 699 ut
1333 672 1582 708 venenum,
1617 664 1664 699 et
1696 658 1909 712 specia—5

561 728 668 769 liter
691 742 898 769 errorem
922 730 979 769 de
1000 728 1311 782 indulgenciis
1336 735 1383 769 et
1405 729 1463 768 de
1494 728 1605 768 ficta
1636 733 1875 781 potestate

561 798 877 839 iurisdicionis
910 798 1011 839 sive
1043 798 1280 851 regiminis
1315 811 1451 851 quam
1485 797 1648 838 dicunt
1681 811 1743 837 ex
1772 811 1875 837 auc-

563 867 753 908 toritate
803 867 1101 921 imperatoris
1159 880 1211 907 se
1270 868 1531 907 extendere
1589 880 1677 920 per
1731 872 1878 907 totam

561 936 863 977 habitabilem
885 942 1094 978 nostram
1117 936 1416 990 singulariter
1439 937 1598 990 quoad
1610 935 1878 976 Romanum

563 1006 852 1059 pontificem.
1899 1025 1937 1045 ιο

621 1076 682 1117 Et
706 1090 766 1116 ex
787 1077 877 1116 ista
898 1076 1055 1116 radice
1077 1077 1263 1130 fingunt
1285 1077 1415 1129 quod
1438 1077 1567 1116 solus
1590 1076 1694 1129 ipse
1717 1081 1880 1128 potest

562 1145 812 1186 indiffinite
858 1146 1123 1186 concedere
1167 1145 1513 1198 indulgenciam
1553 1151 1601 1185 et
1633 1145 1719 1185 alia
1750 1145 1879 1198 spiri-

563 1215 703 1256 tualia
736 1216 858 1255 dona
888 1216 993 1257 Dei.
1044 1215 1105 1255 Et
1138 1229 1270 1255 error
1299 1215 1580 1259 huiusmodi,
1615 1221 1667 1255 ut
1699 1215 1879 1264 estimo,

565 1290 639 1326 est
671 1298 821 1335 causa,
856 1298 1000 1338 quare
1031 1298 1120 1325 nec
1152 1284 1410 1338 imperator
1440 1298 1530 1325 nec
1562 1298 1686 1338 papa
1708 1284 1882 1325 sufficit

566 1368 796 1395 exercere
827 1354 874 1394 in
905 1354 1070 1399 Yndia,
1103 1354 1149 1394 in
1186 1354 1365 1403 Grecia,
1398 1355 1477 1395 vel
1504 1353 1671 1394 Yudea
1703 1360 1750 1394 et
1782 1354 1880 1394 aliis
1902 1362 1937 1394 15

563 1424 740 1478 patriis,
774 1423 1171 1464 dissencientibus
1205 1423 1484 1476 quibusdam
1515 1424 1610 1464 suis
1644 1423 1881 1464 erroribus

567 1501 615 1536 et
667 1494 946 1548 quibusdam
997 1493 1276 1534 Antichristi
1312 1493 1515 1547 legibus,
1567 1493 1883 1534 iurisdicionis

568 1563 787 1605 officium.
818 1563 962 1604 Error
995 1563 1116 1604 enim
1144 1563 1357 1603 modicus
1379 1563 1426 1602 in
1448 1563 1682 1616 principio
1706 1562 1885 1603 inducit

567 1633 817 1674 maximum
852 1638 1211 1686 consequenter.
1247 1632 1299 1674 Si
1318 1632 1464 1686 igitur
1491 1633 1616 1673 solus
1638 1633 1884 1673 Romanus

567 1702 790 1757 pontifex
826 1703 971 1742 habet
1007 1702 1358 1743 iurisdicionem
1390 1702 1704 1742 universalem
1742 1715 1886 1756 super
1903 1719 1943 1740 20

569 1772 749 1821 Yndos„
774 1771 1036 1813 Saracenos
1061 1779 1108 1813 et
1129 1771 1378 1818 Barbaros,
1409 1785 1552 1825 quare
1574 1785 1669 1812 non
1692 1778 1887 1812 exercet

571 1855 671 1883 eam
715 1842 761 1882 in
806 1855 903 1892 eos,
948 1842 1069 1883 sicut
1102 1842 1307 1895 apostoli
1338 1841 1556 1882 fecerunt
1591 1841 1638 1881 in
1669 1841 1885 1881 infideles

567 1913 776 1966 populos
829 1918 878 1952 et
926 1912 1158 1952 rebelles?
1222 1910 1274 1952 Si
1325 1917 1504 1951 tantum
1561 1911 1705 1951 habet
1755 1910 1885 1951 iuris-

570 1982 830 2022 diccionem
854 1995 998 2035 super
1031 1995 1114 2022 eos
1148 1981 1227 2035 qui
1259 1982 1426 2022 volunt
1459 1981 1654 2022 obedire
1688 1993 1772 2020 suo
1808 1980 1885 2020 do-

569 2052 725 2102 minio,
777 2058 888 2092 tunc
940 2058 1014 2092 est
1063 2051 1247 2105 papalis
1299 2051 1566 2092 iurisdiccio
1617 2050 1888 2091 mirabiliter
1903 2056 1943 2089 25

571 2121 794 2162 diminuta
828 2127 876 2162 et
909 2122 1187 2175 dependens
1222 2135 1245 2161 a
1277 2121 1519 2161 voluntate
1547 2120 1714 2174 populi
1737 2121 1793 2160 ab
1819 2119 1887 2159 eis

572 2191 766 2244 capitur.
821 2191 905 2232 Illa
949 2197 1104 2232 autem
1149 2197 1223 2232 est
1267 2191 1455 2232 alterius
1503 2190 1705 2232 racionis
1750 2202 1887 2243 quam

570 2267 787 2315 potestas
830 2261 1072 2315 regiminis
1121 2261 1383 2314 apostolica
1448 2274 1585 2314 quam
1635 2260 1888 2313 imperator

568 2344 664 2371 non
696 2336 860 2384 potest
902 2331 1180 2372 concedere.
1225 2331 1312 2371 sed
1355 2330 1508 2370 divisa
1538 2344 1626 2384 per
1656 2330 1792 2370 istam
1825 2329 1888 2369 di-

571 2400 801 2441 visionem
844 2400 1114 2454 hipapalem
1159 2400 1419 2441 variaretur
1461 2405 1512 2440 ut
1555 2400 1762 2453 populus
1801 2398 1890 2438 sibi
1905 2405 1947 2439 30

573 2469 894 2520 consenciens,
939 2471 1017 2510 vel
1061 2469 1399 2510 diminueretur
1444 2469 1643 2509 finaliter
1694 2469 1751 2508 ad
1793 2480 1889 2508 non

573 2544 816 2594 quantum;
870 2540 999 2593 quod
1051 2539 1274 2593 superbia
1316 2553 1411 2580 non
1456 2538 1565 2579 sinit
1609 2538 1888 2586 concedere,

571 2610 679 2650 ideo
705 2609 818 2650 dicit
839 2610 970 2663 quod
990 2609 1134 2651 habet
1154 2614 1442 2663 potestatem
1464 2607 1705 2662 regiminis
1723 2606 1726 2662 1
1746 2619 1891 2660 super
1929 2610 2011 2653 219‘²

573 2684 725 2720 totum
762 2679 997 2720 mundum.
1044 2678 1166 2719 Ymo
1201 2692 1305 2719 eum
1337 2679 1413 2718 illa
1444 2683 1657 2732 potestas
1691 2676 1752 2717 sit
1783 2677 1889 2717 sub·

578 2897 582 2903 x
646 2869 666 2889 ι.
690 2862 769 2896 sint‚·
789 2860 1032 2898 recte:fuerint.
1105 2870 1132 2896 4.
1155 2861 1273 2889 Codd.:
1294 2862 1465 2889 consensui.
1542 2869 1581 2888 ιῐ.
1603 2859 1701 2888 Codd.
1723 2860 1753 2888 in
1775 2867 1889 2895 marg:

573 2905 760 2936 Jurisdiccio
776 2916 869 2944 papa.
944 2908 987 2936 31.
1011 2908 1066 2935 vel.
1089 2907 1206 2935 Codd.:
1228 2911 1268 2935 ut.
