2078 3338
225 280 278 318 94

250 932 337 967 They
358 931 466 958 sinned

287 967 426 1003 venially.

949 273 1173 305 JOHANle
1200 272 1383 304 WYCLIF
1657 259 1763 316 [CAP.
1783 270 1822 298 v.

512 377 688 417 medias
722 390 950 429 personas
985 377 1309 417 distribuendo
1342 378 1468 416 bona
1490 376 1704 427 ecclesie,
1734 375 1827 429 ipsi

513 452 670 486 autem
703 447 956 486 servabant
987 446 1131 487 vitam
1162 446 1381 485 humilem
1415 451 1461 485 et
1492 458 1749 498 pauperem
1779 444 1827 484 in

513 528 565 555 se
596 514 725 568 ipsiS,
757 516 885 568 quod
918 515 958 555 si
984 515 1244 558 scivissent
1269 519 1549 568 peccatores
1572 519 1826 568 sequentes

513 585 579 624 sic
613 584 876 624 obtinuisse
907 585 1008 625 illas
1041 584 1248 636 divicias,
1292 584 1486 625 firmiter
1525 584 1666 624 credo
1701 583 1827 636 quod

510 653 639 707 ipsas
675 667 763 706 pro
800 667 851 694 se
894 659 941 694 et
974 654 1182 707 posteris
1217 654 1530 707 reliquissent.
1560 653 1623 694 Et
1656 653 1860 693 stultus5

513 728 588 763 est
620 722 698 775 qui
731 722 967 776 sompniat
999 728 1046 763 et
1085 722 1297 763 defendit
1341 722 1469 776 quod
1511 735 1606 762 non
1648 721 1695 761 in
1736 722 1828 761 hoc

511 791 758 832 venialiter
789 797 1122 844 peccaverunt.
1155 792 1264 832 Non
1291 791 1412 832 enim
1440 796 1676 846 repugnat
1701 791 1828 844 quod

511 861 707 901 remisse
739 861 787 901 in
818 862 976 914 gracia
1007 867 1300 915 occuparunt
1330 862 1446 902 illud
1478 862 1684 902 officium
1707 861 1828 901 sicut

512 931 762 983 meritorie,
794 932 879 971 sed
913 931 1103 972 defectu
1134 931 1305 972 veniali
1337 937 1629 984 occuparunt
1649 937 1826 983 tempo-

511 1000 623 1041 ralia
647 1005 694 1041 et
714 1000 761 1041 in
783 1001 988 1053 posteris
1011 1006 1211 1054 propter
1232 1001 1587 1055 profundiorem
1602 1000 1827 1042 maliciam
1846 1013 1886 1034 10

512 1070 559 1109 in
603 1070 974 1122 occupacionem
1018 1071 1261 1110 mortalem
1307 1076 1354 1111 et
1404 1070 1677 1123 simpliciter
1719 1071 1826 1110 Deo

513 1139 736 1179 odibilem
781 1145 854 1180 est
898 1153 1144 1192 perversa.
1197 1139 1465 1180 Periculum
1510 1140 1654 1193 igitur
1705 1139 1828 1180 foret

511 1210 696 1249 trahere
727 1208 774 1248 in
808 1209 1080 1262 exemplum
1103 1210 1180 1249 vel
1214 1209 1607 1262 consequenciam
1638 1209 1826 1249 modum

513 1278 684 1331 agendi
706 1278 955 1319 venialiter
988 1278 1282 1332 culpabilem,
1316 1279 1423 1332 quia
1455 1279 1522 1319 sic
1556 1292 1617 1319 ex
1647 1279 1826 1332 pietate

513 1349 787 1389 doceremus
821 1361 927 1389 cum
959 1346 1126 1404 Petro!
1150 1354 1320 1402 gentes
1352 1348 1594 1399 iudaizare,
1627 1353 1828 1401 propter
1870 1348 1947 1390 184b

512 1417 640 1471 quod
671 1417 761 1458 fuit
791 1432 818 1457 a
849 1417 1011 1467 Paulo,
1048 1423 1100 1458 ut
1131 1423 1266 1471 patet
1303 1418 1509 1471 capitulo
1543 1418 1590 1458 II
1625 1419 1684 1458 ad
1718 1417 1828 1470 Gal,

511 1487 845 1540 reprehensus.
878 1487 939 1527 Et
972 1487 1114 1527 credo
1149 1488 1276 1541 quod
1308 1488 1452 1541 longe
1482 1487 1629 1528 maius
1661 1500 1826 1540 pecca-

510 1563 608 1597 tum
640 1556 727 1597 fuit
757 1556 805 1597 in
837 1556 1011 1597 dotatis
1045 1556 1285 1610 episcopis
1319 1571 1381 1597 ex
1417 1558 1507 1597 hoc
1541 1557 1668 1611 quod
1699 1557 1827 1597 dota-

512 1626 696 1666 cionem
726 1626 993 1666 huiusmodi
1026 1626 1328 1677 admiserunt,
1383 1626 1641 1667 Cavearnus
1684 1626 1828 1679 igitur

513 1696 732 1749 exempla
777 1709 948 1749 capere
993 1701 1261 1736 sanctorum
1307 1697 1363 1736 ab
1410 1695 1637 1749 operibus
1670 1708 1827 1735 eorum
1845 1709 1886 1729 20

511 1765 692 1805 mixtim
748 1765 1062 1805 laudabilibus
1115 1771 1162 1806 et
1216 1765 1462 1806 venialiter
1513 1764 1828 1819 culpabilibus

513 1835 770 1876 secundum
815 1835 1049 1888 disparem
1091 1835 1341 1889 racionem,
1387 1834 1495 1889 quia
1524 1835 1758 1875 nescimus
1791 1833 1829 1874 si

512 1905 559 1944 in
589 1904 728 1945 nobis
762 1904 822 1945 sit
843 1904 1270 1957 predestinacionis
1293 1904 1451 1959 gracia
1471 1905 1549 1945 vel
1573 1904 1829 1945 excusandi

242 1990 297 2017 Let
318 1998 353 2017 us
374 1989 480 2017 follow
511 1973 638 2014 racio
663 1987 686 2014 a
707 1974 902 2015 mortali.
934 1973 1049 2014 Ideo
1075 1974 1303 2015 debemus
1336 1973 1469 2027 sequi
1502 1987 1667 2015 secure
1700 1986 1828 2013 sanc-

224 2026 274 2052 the
294 2024 413 2052 Holiest
437 2024 496 2051 and

271 2060 320 2087 the
341 2060 454 2087 virtues
512 2049 609 2083 tum
641 2049 909 2084 sanctorum
942 2049 989 2084 et
1020 2044 1221 2084 virtutes
1252 2043 1300 2084 in
1331 2043 1551 2084 membris
1590 2043 1699 2091 suis,
1739 2056 1828 2083 nec
1846 2046 1885 2077 25

251 2095 360 2122 shown
381 2095 411 2121 in
432 2094 480 2121 his

280 2130 446 2159 members.

512 2127 607 2154 non
647 2114 694 2154 in
739 2113 964 2166 operibus
1008 2113 1076 2154 sic
1120 2113 1278 2153 mixtis
1312 2114 1540 2154 debemus
1573 2114 1729 2153 colare
1760 2127 1827 2153 ra-

515 2183 697 2223 cionem
740 2182 1021 2223 laudabilem
1068 2188 1116 2223 et
1157 2182 1223 2223 illi
1253 2182 1387 2222 inniti
1418 2183 1606 2223 racione
1637 2182 1726 2222 alia
1757 2195 1826 2222 se-

513 2258 684 2306 parata.
716 2252 778 2292 Et
810 2253 952 2292 credo
986 2253 1112 2305 quod
1133 2252 1406 2305 ignorancia
1426 2252 1563 2292 huius
1586 2251 1827 2292 sentencie

513 2322 626 2362 fecit
667 2323 840 2362 multos
877 2336 905 2362 a
933 2321 1009 2362 via
1040 2321 1232 2362 Domini
1269 2321 1517 2362 declinare.
1579 2321 1828 2362 Noverunt

514 2391 726 2444 sophiste
759 2391 997 2445 quomodo
1024 2391 1187 2431 eadem
1215 2404 1293 2432 res
1325 2396 1398 2432 est
1421 2391 1557 2431 simul
1581 2390 1826 2431 laudabilis
1845 2395 1886 2427 30

514 2466 562 2501 et
607 2461 852 2514 culpabilis
897 2460 1155 2501 secundum
1200 2460 1434 2514 disparem
1477 2460 1726 2513 racionem,
1777 2465 1840 2500 ut*

514 2531 684 2571 Petrus
730 2536 779 2570 et
823 2530 1044 2584 operacio
1079 2543 1161 2570 sua
1193 2535 1267 2571 est
1296 2529 1556 2581 laudabilis,
1599 2530 1707 2583 quia
1739 2531 1826 2569 sub

513 2599 667 2653 aliquo
720 2600 866 2653 gradu
916 2601 1042 2640 bona
1072 2599 1325 2651 moraliter,
1372 2604 1420 2640 et
1471 2604 1543 2639 est
1588 2612 1691 2639 cum
1736 2600 1827 2638 hoc

516 2668 759 2721 culpabilis
777 2675 824 2709 et
845 2668 1159 2721 reprobabilis
1181 2674 1380 2721 propter
1395 2668 1631 2708 defectum
1652 2668 1825 2707 habun-

585 2849 600 2878 3
635 2849 749 2877 Codd.:
771 2850 908 2877 scissent.
982 2857 1009 2885 7.
1031 2851 1060 2877 A
1084 2849 1115 2876 in
1137 2857 1250 2884 marg:
1278 2849 1388 2877 Sancti
1410 2849 1605 2884 suscipiendo
1631 2849 1828 2877 dotacionem

515 2897 679 2924 venialiter
695 2899 909 2932 peccaverunt.
984 2895 1028 2923 31.
1051 2895 1088 2923 13:
1110 2899 1140 2923 et
1158 2896 1318 2931 culpabilis
1338 2896 1431 2923 deest.
