2078 3338
246 283 327 324 250

267 614 440 676 Perffilssmy
460 614 490 641 in

298 657 326 675 w
353 649 400 676 1ch
421 650 471 676 the

278 692 484 758 iffssffisssfiy

271 754 349 781 then·
369 754 488 781 claims.

274 1854 341 1882 The
360 1854 441 1889 right
459 1859 490 1882 to

292 1891 356 1917 rule
377 1890 402 1916 is
423 1894 476 1917 not

302 1925 461 1953 increased

328 1960 457 1987 because

246 1993 379 2029 subjects
398 1994 515 2022 submit

327 2030 440 2065 rashly.

964 283 1188 316 JOHANNIS
1214 283 1400 316 WYCLIF
1678 269 1784 328 [CAP.
1804 278 1842 309 x.

533 391 754 440 peratore
799 393 1030 440 querente
1075 389 1132 429 ab
1180 388 1266 429 eis:
1310 388 1351 428 si
1393 388 1484 441 ipsi
1527 387 1575 427 in
1611 390 1843 440 potestate,

534 457 753 509 dignitate
775 458 841 497 vel
859 458 1074 510 primatu
1094 458 1244 510 quoad
1272 457 1421 498 Deum
1450 457 1661 498 excedunt
1692 469 1846 497 omues

534 527 750 566 mortales
794 526 912 567 alios
954 527 1050 567 iam
1094 527 1297 578 viventes,
1342 531 1535 579 oportet
1565 525 1695 579 ipsos
1732 525 1845 565 illud

534 596 811 645 concedere,
851 595 958 649 quia
997 595 1140 647 aliter,
1179 601 1232 637 ut
1260 595 1489 649 inquiunt,
1528 608 1667 635 nemo
1702 595 1847 636 debet

533 665 729 704 credere
774 665 902 718 quod
947 671 1056 706 sunt
1097 678 1237 719 pape,
1293 670 1340 706 et
1384 678 1487 705 cum
1530 679 1557 705 a
1598 665 1706 704 Deo
1751 676 1879 707 non&

531 734 710 773 habent
746 733 868 774 illam
900 734 1310 787 preeminenciam,
1348 740 1399 775 ut
1429 740 1563 788 patet
1602 748 1662 774 ex
1695 734 1846 783 dictis,

532 816 620 843 nec
663 804 831 844 beatus
876 803 1048 845 Petrus
1091 803 1205 844 illud
1251 805 1551 854 concederet,
1602 808 1732 857 patet
1779 803 1846 843 eis

534 872 890 913 concedendum
936 873 1065 926 quod
1107 873 1200 914 hoc
1231 874 1407 914 habent
1445 887 1470 913 a
1503 886 1675 914 cesare.
1728 872 1847 913 Nam

532 943 702 983 beatus
725 941 898 982 Paulus
920 942 1051 983 Petri
1074 942 1232 983 socius
1257 943 1505 984 confessus
1527 942 1615 982 fuit
1644 941 1848 982 fideliter

532 1010 680 1065 prima
724 1011 830 1052 Cor.
875 1011 986 1062 XV,
1032 1027 1077 1064 9:
1122 1012 1230 1066 Ego,
1273 1012 1437 1066 inquit,
1481 1025 1585 1054 sum
1628 1013 1907 1054 mz'nimu310

532 1083 853 1134 apostolorum,
885 1083 962 1134 qm·
992 1095 1080 1123 uon
1109 1095 1213 1123 sum
1236 1083 1403 1135 diguus
1428 1083 1586 1123 vocari
1608 1082 1847 1135 apostolus.

534 1149 690 1203 Quare
721 1151 866 1203 igitur
898 1152 965 1192 sic
997 1165 1093 1192 non
1124 1152 1427 1206 profiteretur
1454 1151 1700 1192 Romanus
1732 1164 1847 1205 pon-

531 1219 664 1271 tifex,
699 1220 738 1261 si
766 1220 1022 1274 imperialis
1046 1221 1250 1275 dignitas
1282 1235 1376 1262 non
1410 1222 1651 1262 obstaret?
1689 1220 1750 1261 Et
1782 1220 1848 1260 sic

532 1290 807 1331 necessitati
850 1291 1039 1331 videtur
1085 1304 1145 1332 ex
1191 1291 1439 1333 dotacione
1472 1297 1565 1332 tam
1597 1291 1850 1344 imperator

533 1372 669 1413 quam
702 1373 814 1401 suus
848 1360 1105 1415 episcopus
1137 1361 1316 1402 involvi
1347 1361 1650 1401 blasfemiam.
1688 1360 1750 1401 Et
1782 1360 1848 1400 sic
1868 1371 1904 1402 15

532 1442 696 1470 verum
729 1431 1024 1471 concluditur
1057 1431 1187 1484 quod
1210 1444 1235 1471 a
1255 1432 1362 1472 Deo
1384 1430 1652 1471 immediate
1686 1435 1734 1470 et
1754 1442 1849 1470 non

533 1512 557 1539 a
588 1507 752 1540 natura
782 1501 980 1540 humana
1011 1514 1137 1554 papa
1166 1502 1312 1541 habet
1341 1501 1678 1541 excellenciam
1702 1499 1850 1552 digni-

532 1569 654 1619 tatis,
689 1569 773 1609 sed
807 1575 1000 1623 oportet
1032 1570 1161 1623 quod
1192 1576 1427 1611 mereatur
1458 1570 1581 1610 illam
1615 1569 1847 1610 excellen-

536 1638 652 1678 ciam
686 1638 927 1692 dignitatis
959 1640 1195 1681 humiliter
1227 1639 1327 1681 sine
1360 1653 1547 1694 pompa.
1591 1639 1652 1679 Et
1682 1652 1850 1679 revera

532 1721 628 1748 non
673 1714 745 1749 est
787 1709 990 1749 medium
1021 1710 1234 1750 merendi
1270 1709 1420 1764 ipsam
1453 1710 1670 1764 accipere
1704 1708 1849 1762 digni·
1867 1728 1908 1749 20

534 1782 678 1818 tatem
710 1779 851 1819 talem
885 1792 1135 1825 cesaream.

594 1846 829 1900 Quantum
859 1849 920 1889 ad
951 1851 1208 1890 secundum
1247 1856 1429 1903 partem
1467 1850 1672 1903 argucie,
1717 1853 1851 1903 patet

535 1917 663 1970 quod
706 1931 801 1958 non
845 1924 918 1959 est
961 1920 1091 1960 color
1135 1920 1175 1960 si
1216 1933 1364 1974 regna
1395 1920 1472 1960 vel
1504 1932 1711 1974 persone
1745 1920 1849 1959 sub-

534 1986 721 2028 mittunt
744 2000 795 2028 se
816 1988 1080 2041 improvide
1104 1989 1411 2040 Antichristo,
1442 1989 1569 2043 quod
1591 1993 1851 2043 propterea

534 2056 780 2109 ampliatur
820 2056 868 2097 in
913 2071 969 2098 eo
1014 2063 1230 2111 potestas
1274 2059 1351 2099 vel
1394 2058 1685 2110 iurisdiccio;
1737 2071 1847 2112 ymo
1867 2066 1905 2098 25

536 2125 768 2179 dyabolus
812 2133 1009 2180 negaret
1049 2127 1186 2168 istam
1231 2128 1479 2182 arguciam,
1525 2141 1629 2168 cum
1666 2128 1747 2169 filii
1779 2127 1850 2169 sui

536 2195 738 2237 subiecti
768 2209 856 2249 per
887 2202 1137 2249 peccatum
1170 2211 1264 2238 non
1296 2204 1471 2251 augent
1509 2198 1556 2239 in
1588 2211 1645 2239 eo
1678 2202 1848 2251 poten-

536 2264 664 2315 ciam,
698 2278 755 2305 eo
789 2265 918 2318 quod
948 2271 1041 2307 tam
1071 2267 1177 2320 ipse
1210 2281 1348 2320 quam
1377 2268 1529 2309 fidelis
1563 2268 1850 2308 concederet

535 2335 664 2388 quod
695 2348 791 2375 non
824 2335 948 2389 capit
979 2342 1267 2390 potestatem
1290 2351 1419 2378 suam
1443 2339 1499 2378 ab
1521 2337 1847 2391 indignissimo

535 2417 675 2445 servo
709 2418 810 2455 suo,
843 2406 928 2446 sed
958 2406 1100 2447 habet
1131 2407 1281 2460 ipsam
1311 2409 1367 2448 ab
1389 2407 1529 2448 inicio
1553 2421 1578 2448 a
1600 2409 1703 2448 solo
1725 2408 1847 2448 Deo.
1865 2416 1906 2449 30

534 2474 641 2515 Non
692 2474 835 2527 igitur
889 2489 950 2516 ex
995 2477 1309 2518 submissione
1354 2478 1434 2518 tali
1477 2478 1674 2518 docetur
1720 2477 1848 2531 quod

534 2557 660 2597 papa
690 2544 834 2584 habet
877 2558 902 2585 a
945 2545 1051 2586 Deo
1088 2547 1163 2586 vel
1201 2547 1387 2587 homine
1419 2547 1811 2600 preeminenciam
1841 2545 1844 2601 1

535 2612 793 2666 aliqualem,
838 2615 923 2654 sed
965 2615 1133 2668 pocius
1180 2630 1284 2657 cum
1330 2617 1479 2657 omnis
1522 2618 1730 2671 populus
1770 2618 1847 2658 vel
1888 2622 1969 2655 218⁰¹

533 2681 847 2725 involuntarie
879 2684 946 2725 sic
978 2685 1068 2726 sibi
1106 2686 1335 2727 subicitur
1366 2688 1443 2727 vel
1475 2700 1571 2727 non
1605 2688 1748 2730 debet
1780 2688 1847 2728 sic

535 2752 625 2792 sibi
656 2753 819 2803 subici,
854 2754 1101 2796 evidenter
1122 2756 1335 2809 sequitur
1358 2770 1419 2796 ex
1441 2756 1521 2797 tali
1544 2756 1845 2797 subieccione
1863 2762 1901 2796 35

534 2822 761 2863 blasfema
806 2824 1019 2865 carencia
1062 2825 1315 2878 dignitatis.
1378 2825 1519 2866 Unde
1562 2839 1658 2867 non
1704 2825 1844 2867 video

535 2892 772 2943 quomodo
788 2906 913 2946 papa
926 2900 1093 2947 posset
1114 2895 1359 2948 patencius
1376 2908 1596 2936 accusare
1620 2908 1671 2936 se
1691 2895 1845 2950 ipsum
