2078 3338
197 261 286 290 (ΑΡ.
314 250 395 307 ΧΠ]
588 264 645 294 DE
675 263 953 295 POTESTATE
980 266 1121 297 PAPEtr

194 369 242 410 in
284 369 511 409 honorem
548 367 738 408 Domini
783 369 1150 422 expurgandam,
1190 371 1288 423 sed,
1323 370 1511 410 dimissa

195 438 273 479 illa
295 437 608 479 sollicitudine
631 437 804 477 vicaria
835 451 923 490 pro
948 438 1148 489 Christo,
1171 440 1346 480 nitatur
1367 439 1509 479 modo

196 507 400 548 Luciferi
439 507 696 547 secundum
737 520 921 547 omnem
971 508 1205 549 racionem
1251 523 1342 562 que
1388 508 1511 562 sapit

197 577 531 618 excellenciam
563 589 692 617 suam
723 577 945 617 fratribus
979 577 1074 618 suis
1105 584 1152 619 et
1174 579 1443 632 specialiter
1466 579 1510 619 in

164 646 556 688 §testinacionem
599 646 811 686 veritatis
855 648 1227 700 precellentibus
1274 648 1510 689 dominari.

195 718 340 759 Istam
373 716 611 757 materiam
645 717 852 756 declarat
876 716 1131 771 Gregorius
1163 718 1209 758 II
1231 718 1416 759 Pastor.
1439 717 1510 757 VI

193 793 362 828 notans
395 786 545 839 primo
586 787 713 839 quod
754 787 891 839 culpa
936 800 996 826 ex
1032 787 1375 828 insufficiencia
1405 800 1510 841 pro—

194 856 282 910 prii
318 855 559 909 regiminis
608 855 794 896 induxit
836 856 1103 898 huiusmodi
1139 857 1403 910 prelaciam,
1442 870 1509 897 se-

196 926 349 967 cundo
390 926 518 979 quod
555 926 765 978 prelatus
806 926 952 966 debet
990 940 1096 966 esse
1134 926 1319 967 humilis
1352 926 1510 967 socius

142 995 332 1037 mbonis
377 995 592 1045 subditis,
646 1000 693 1035 et
736 995 884 1036 tercio
931 997 1059 1049 quod
1108 997 1323 1050 regimen
1375 1010 1509 1037 suum

196 1067 341 1107 debet
385 1078 612 1105 exercere
658 1078 761 1105 cum
806 1065 965 1106 debita
1008 1066 1263 1107 severitate
1301 1066 1348 1107 in
1387 1065 1509 1107 feras

196 1140 394 1189 egentes
425 1134 666 1188 regimine,
710 1140 760 1175 ut
790 1140 902 1188 puta
935 1140 1098 1175 contra
1131 1149 1214 1176 eos
1252 1135 1299 1175 in
1338 1136 1509 1189 quibus

194 1205 359 1246 Ihesus
406 1204 767 1257 contempnitur.
820 1205 882 1245 Et
926 1205 1116 1245 adducit
1160 1206 1217 1245 ad
1259 1207 1351 1246 hoc
1395 1205 1510 1246 illud

196 1274 395 1316 Genesis
409 1273 584 1324 XLVI,
601 1288 675 1326 34:
698 1274 912 1315 Pastores
925 1275 1077 1315 ovium
1091 1287 1262 1317 sumus
1286 1273 1508 1316 Secundo

141 1344 366 1385 15Genes.
398 1343 486 1394 IX⁷
526 1358 538 1383 1
583 1344 696 1384 dicit
727 1344 860 1385 Deus
898 1348 1048 1385 terror
1078 1348 1220 1385 vester
1257 1357 1310 1385 ac
1341 1348 1512 1385 tremor

192 1416 250 1456 sit
270 1427 411 1468 Super
432 1418 590 1455 cuncta
612 1415 841 1454 animalia
862 1418 1001 1464 terra·
1030 1414 1078 1454 in
1109 1428 1202 1468 quo
1238 1428 1343 1456 esse
1367 1428 1511 1468 super

76 1485 156 1529 237l
192 1484 404 1525 homines
433 1482 437 1538 Ι
466 1484 754 1537 prohibetur.
806 1484 860 1524 In
898 1486 977 1525 Izoc
1013 1486 1148 1534 enim,
1185 1486 1303 1537 quod
1340 1488 1510 1525 metum

192 1556 278 1596 sihi
313 1568 342 1595 ιι
374 1567 587 1607 perverse
624 1555 868 1595 viventibus
906 1555 1097 1607 exigunt,
1135 1555 1268 1607 quasi
1304 1567 1392 1594 non
1429 1555 1508 1594 710-

194 1626 391 1666 minibzts
411 1625 489 1665 secl
511 1624 791 1664 animalibus
812 1625 1124 1664 dominantur.
1158 1624 1232 1663 Ex
1255 1623 1355 1664 istis
1385 1623 1512 1663 elicit

140 1705 180 1728 20
196 1700 384 1736 sanctus
427 1693 577 1734 tercio
622 1693 788 1733 multas
834 1693 1225 1733 demonstrabiles
1270 1693 1509 1743 veritates,

193 1764 345 1818 prima
377 1764 505 1817 quod
538 1768 701 1803 contra
728 1768 938 1803 naturam
963 1768 1036 1809 est
1063 1768 1110 1803 et
1133 1762 1357 1816 superbia
1377 1762 1509 1802 Luci-

194 1835 281 1875 feri
324 1834 448 1874 Velle
493 1835 548 1873 ab
595 1832 841 1886 equalibus
884 1832 931 1872 in
988 1838 1153 1873 natura
1206 1838 1252 1872 et
1302 1832 1510 1872 moribus

195 1903 434 1953 dominari,
475 1904 684 1943 secunda
718 1903 845 1956 quod
878 1907 1067 1943 curatus
1099 1908 1150 1943 ut
1182 1902 1334 1956 prosit
1368 1902 1512 1941 debet

195 1979 422 2028 appetere
459 1973 573 2013 illud
611 1972 829 2023 officium,
868 1985 964 2012 non
995 1978 1047 2013 ut
1077 1971 1239 2025 presit,
1281 1977 1329 2012 et
1365 1971 1511 2011 tercia

139 2047 177 2079 25
195 2044 324 2097 quod
388 2056 526 2083 nemo
583 2047 842 2083 assumeret
907 2041 1113 2095 pastoris
1166 2041 1371 2081 officium
1422 2041 1511 2081 nisi

195 2113 440 2154 evidenter
489 2113 688 2152 haberet
740 2118 885 2152 artem
937 2111 1191 2165 spiritualis
1236 2110 1405 2151 medici
1454 2112 1511 2150 ad

193 2183 568 2237 prodessendum
602 2182 749 2222 anime
783 2182 1089 2223 subditorum.

252 2252 463 2306 Septima
506 2252 636 2305 quod
678 2265 802 2305 papa
840 2252 1054 2305 negligat
1087 2251 1340 2304 disponere
1379 2264 1430 2291 se
1463 2251 1510 2291 in

194 2323 364 2364 mentis
402 2322 648 2372 mundicia,
692 2329 743 2362 ut
782 2335 868 2375 pro
909 2321 1134 2361 subiectis
1174 2321 1335 2361 debite
1366 2321 1508 2361 inter-

139 2398 180 2429 30
195 2394 353 2447 pellet.
397 2392 503 2432 Hoc
537 2392 659 2432 enim
692 2397 766 2431 est
797 2391 1176 2444 inseparabiliter
1208 2391 1377 2444 papale
1411 2390 1508 2430 offi-

196 2463 329 2508 cium,
363 2475 465 2502 cum
497 2461 602 2502 talis
636 2461 780 2501 debet
810 2467 1043 2513 tamquam
1065 2460 1355 2501 intercessor
1385 2459 1509 2512 paci-

193 2533 338 2573 ficans
370 2532 492 2572 inter
519 2532 674 2571 Deum
709 2536 755 2570 et
787 2531 1014 2584 populum
1048 2530 1265 2570 mediare.
1300 2529 1510 2569 Inficitur

196 2608 348 2643 autem
381 2601 579 2642 oratoris
619 2600 825 2640 officium
856 2614 943 2653 per
976 2599 1256 2653 superbiam,
1295 2604 1347 2638 ut
1377 2604 1510 2651 patet

192 2672 240 2712 in
284 2685 372 2713 sex
416 2671 720 2712 abusionibus
764 2669 990 2724 predictis
1037 2675 1084 2709 et
1127 2682 1214 2722 per
1264 2668 1509 2709 avariciam

268 2784 294 2813 5.
317 2786 566 2817 testz'nacionem;
585 2784 627 2812 ita
643 2784 736 2813 codd.
815 2784 842 2811 6.
867 2782 983 2811 Codd.:
1007 2782 1081 2818 Cap.
1104 2782 1194 2809 Xl'll.
1287 2781 1332 2809 28.
1357 2781 1456 2809 Codd.
1478 2781 1507 2808 iu

197 2840 309 2866 marga:
333 2840 361 2866 7.

272 2903 320 2935 19.
347 2895 394 2925 st.
423 2892 614 2933 Gregorius
640 2891 660 2923 l.
688 2901 714 2923 c,

1550 2265 1578 2293 7.
1599 2257 1722 2285 Failurc
1743 2262 1771 2286 to

1617 2293 1707 2320 make

1524 2326 1726 2355 intercession
1749 2328 1797 2356 for

1554 2362 1601 2389 his
1622 2363 1767 2397 subjects.
