2078 3338
238 285 328 313 CAP.
349 278 416 328 XIJ'
632 289 692 320 DE
717 287 999 320 POTESTATE
1027 287 1157 318 PAPE.

240 398 287 433 et
320 393 379 433 de
413 392 709 433 continencia
733 391 903 433 mentis
926 391 1168 446 spirituali,
1202 393 1310 433 dum
1333 392 1558 432 memoria

237 463 431 517 proprie
475 462 737 517 fragilitatis
783 468 834 502 ut
876 467 1013 512 terra⁷
1067 462 1362 502 continuacio
1408 462 1557 502 dulcis

241 532 519 573 devocionis
552 538 603 573 ut
626 546 755 586 aqua,
784 532 990 574 tenuitas
1014 532 1276 585 corporalis
1301 531 1557 573 cibacionis

238 607 290 642 ut
322 615 399 642 aer
423 606 470 642 et
491 601 654 643 raritas
676 601 917 642 muliebris
942 601 1324 642 conversacionis
1347 607 1398 642 ut
1418 602 1557 655 ignis,

206 670 414 716 5faciunt
452 672 749 712 sacerdotem
786 670 979 712 Domini
1018 671 1350 711 continentem.
1402 671 1558 712 Nichil

239 741 360 781 enim
383 746 562 781 tantum
584 742 711 781 valet
735 742 792 781 ad
815 741 1098 781 domandum
1126 740 1276 781 carnis
1309 740 1557 792 desideria,

239 810 361 851 sicut
381 824 583 864 pensare
604 811 843 864 quomodo
867 810 1203 851 incinerabitur
1224 816 1338 864 post
1359 816 1557 851 mortem

236 880 436 921 hominis
469 881 593 922 facta
622 887 764 930 terra;
799 881 1096 922 continuacio
1124 894 1240 921 vero
1266 880 1557 932 devocionis

240 949 527 1004 extinguens
550 951 715 1002 ocium,
754 956 984 1004 precavet
1006 964 1143 991 omne
1177 950 1354 991 crimen
1394 955 1441 991 et
1472 964 1559 1004 per

183 1044 223 1064 10
240 1032 539 1073 consequens
573 1020 722 1060 carnis
754 1021 928 1061 luxum.
973 1020 1202 1061 Ieiunium
1234 1033 1350 1061 vero
1384 1034 1558 1061 cavens

239 1091 474 1144 crapulam
522 1103 626 1130 cum
671 1089 900 1130 adiutorio
942 1090 1131 1131 celestis
1168 1090 1285 1130 radii
1322 1090 1559 1143 extinguit

234 1159 394 1214 ignem
421 1159 641 1210 libidinis,
681 1165 728 1200 et
761 1159 1002 1201 caritativa
1032 1159 1146 1213 fuga
1177 1159 1417 1200 muliebris
1451 1173 1556 1201 con-

236 1229 378 1271 sorcii
412 1236 459 1271 et
496 1230 814 1284 profugienda
854 1229 1039 1270 luxuria
1076 1230 1434 1284 supereminens
1465 1244 1556 1271 me-

237 1299 400 1340 dicina.
431 1300 701 1340 Evanescas
732 1299 876 1355 igitur
909 1305 957 1341 et
977 1313 1073 1340 non
1097 1305 1329 1354 expectes
1351 1300 1398 1341 in
1428 1300 1556 1354 cogi-

183 1369 423 1413 15tacione
456 1370 534 1410 vel
572 1383 774 1423 corpore
812 1369 1042 1412 muliebre
1082 1369 1379 1411 consorcium
1410 1370 1556 1410 instar

235 1439 371 1494 ignis,
430 1440 537 1493 quia
593 1439 683 1480 nisi
737 1439 958 1480 habueris
1007 1439 1168 1494 ignem
1219 1440 1404 1491 amoris,
1462 1454 1557 1481 non

238 1510 446 1550 calesces
479 1510 910 1563 supernaturaliter.

294 1579 462 1620 Tereia
483 1579 631 1621 vestis
655 1585 765 1620 sunt
785 1580 1038 1631 femoralia,
1062 1593 1154 1634 que
1177 1585 1340 1634 preter
1360 1581 1555 1621 braccas

110 1657 192 1699 231¹³
238 1647 546 1705 comlmunes
579 1650 802 1690 sacerdos
833 1649 997 1690 induet
1027 1649 1074 1690 in
1107 1650 1292 1704 signum
1326 1649 1554 1692 castitatis

180 1740 220 1760 20
238 1718 384 1759 eciam
420 1718 671 1769 interioris,
705 1719 814 1759 dum
845 1724 984 1759 vacat
1016 1719 1186 1761 divinis
1219 1719 1400 1760 officiis.
1455 1719 1556 1761 Nou

235 1789 357 1830 enim
389 1789 513 1830 credi
544 1790 665 1829 debet
694 1789 949 1830 sacerdotes
977 1790 1137 1830 veteris
1162 1790 1415 1830 testamenti
1437 1791 1558 1831 alias

234 1859 439 1900 continue
483 1860 767 1912 discooperta
810 1871 947 1900 carne
991 1860 1190 1912 pudoris
1241 1860 1456 1913 incedere,
1508 1863 1558 1900 ut

235 1931 384 1970 solum
408 1930 621 1970 intrando
647 1930 694 1969 in
719 1932 880 1970 sancta
905 1930 1102 1970 verenda
1127 1932 1274 1982 tegere
1299 1930 1554 1984 iubeantur,

233 1999 312 2040 sed
341 2000 566 2039 servando
599 1999 805 2039 continue
826 1999 1080 2039 castitatem
1108 2000 1396 2052 coniugalem
1418 2000 1557 2040 voluit

178 2077 383 2109 zfisermo
416 2068 514 2119 Dei,
552 2072 600 2109 ut
636 2070 918 2109 sacerdotem
948 2068 1211 2121 fungentem
1249 2069 1400 2121 officio
1432 2071 1557 2111 sacri

235 2136 480 2179 ministerii
510 2139 739 2191 cooperiat
766 2139 954 2179 castitas
983 2140 1259 2191 singularis;
1290 2141 1409 2180 unde
1447 2141 1557 2192 quia

232 2209 489 2249 sacerdotes
518 2209 623 2248 novi
653 2210 907 2249 testamenti
938 2209 1221 2261 iuconz'ugati
1257 2222 1445 2250 servare
1475 2210 1554 2250 de-

234 2279 333 2319 bent
364 2278 618 2318 castitatem
656 2279 932 2330 virginalem
969 2280 1188 2331 continue,
1233 2280 1332 2319 ideo
1376 2282 1555 2320 tantum

235 2350 427 2388 utuntur
444 2347 756 2400 femoralibus
786 2349 1103 2389 communibus
1140 2350 1202 2389 ad
1233 2350 1555 2401 denotandum,

181 2419 354 2470 'Joquod
395 2418 601 2458 continue
644 2430 733 2458 nou
775 2419 876 2458 licet
919 2419 983 2459 eis
1025 2421 1073 2458 ut
1103 2419 1412 2459 sacerdotibus
1442 2420 1556 2472 legis

235 2488 396 2528 veteris
410 2490 514 2540 post
535 2489 808 2540 completum
831 2488 1050 2540 officium,
1072 2489 1231 2529 laxare
1246 2488 1554 2529 ministeriu-m

235 2559 440 2598 carnal-is
482 2559 658 2610 copiae,-
700 2558 765 2598 eis
808 2559 929 2598 euim
965 2571 1056 2611 pro
1086 2559 1317 2600 servanda
1350 2559 1556 2599 castitate

304 2737 334 2762 4.
356 2728 392 2755 B:
417 2731 452 2755 ut
467 2728 579 2763 signi&
656 2727 699 2756 18.
723 2728 760 2756 B:
786 2730 859 2755 sunt
877 2728 971 2755 deest.
1001 2728 1099 2756 Codd.
1127 2729 1158 2756 in
1186 2737 1300 2764 marg:
1327 2729 1436 2757 Tercia
1463 2729 1555 2756 vestis

225 2775 415 2811 femoralia.
439 2774 573 2802 Casticas
591 2774 753 2802 sacerdoti
769 2775 954 2803 necessaria.

285 2868 337 2891 20.
365 2858 416 2891 Cf.
459 2859 563 2901 Hugo
602 2859 654 2891 De
696 2860 927 2891 §aeramentis
964 2860 987 2893 l.
1022 2870 1050 2893 C.
1089 2870 1121 2902 p.
1162 2860 1241 2901 450.
1285 2861 1374 2903 Very
1415 2860 1553 2901 loosely

236 2916 379 2958 quoted.

1765 284 1839 317 281

1584 615 1663 642 How
1685 621 1715 642 to
1736 620 1817 642 tame

1620 650 1670 677 the
1694 650 1780 677 flesh.

1588 1593 1655 1621 The
1675 1594 1821 1621 brecches

1600 1637 1616 1656 a
1636 1629 1755 1664 symbol
1778 1630 1812 1656 of

1633 1664 1774 1700 chastity.
