2078 3338
289 257 338 306 76

311 436 378 464 The
398 436 533 471 apostles

305 470 458 506 preached
479 470 539 497 aud

353 505 485 532 suffered

293 541 424 568 without
444 540 551 574 asking

340 575 496 610 authority

318 610 398 637 from
419 610 515 637 Peter.

1005 263 1229 296 JOHANNIS
1256 262 1441 295 WYCLIF
1695 250 1801 307 [CAP.
1829 261 1881 289 iv.

572 368 724 422 primo
771 373 818 408 et
859 368 996 414 infra;
1041 369 1143 419 Joh.
1187 368 1234 408 in
1266 368 1400 421 Asya
1441 367 1608 408 minori
1655 368 1732 408 diu
1777 373 1886 421 post

572 438 703 478 Petri
745 438 1009 479 martirium.
1064 438 1166 478 Nec
1200 437 1413 490 oportuit
1443 438 1522 477 vel
1555 437 1712 478 decuit
1743 437 1884 489 illum,

573 507 654 560 qui
710 512 803 547 tam
863 508 1054 547 crebras
1110 506 1438 547 revelaciones
1491 505 1692 560 Spiritus
1725 505 1887 547 Sancti

571 577 746 630 habuit,
772 577 1008 630 quomodo
1032 576 1268 630 agendum
1290 575 1444 628 fuerit,
1469 589 1667 629 querere
1689 576 1885 616 instruc—

572 646 754 686 cionem
799 661 826 686 a
869 659 954 686 suo
1000 659 1232 686 conservo
1295 651 1342 686 et
1374 646 1598 686 consocio
1630 646 1775 686 Petro
1807 646 1918 685 ve15

572 715 671 756 eius
714 715 889 756 vicario
935 716 1014 769 qui
1055 715 1375 756 instruccione
1420 715 1629 755 eiusdem
1673 715 1886 768 magistri

569 785 784 840 indiguit.
816 786 879 826 Et
907 786 1032 826 idem
1066 791 1140 826 est
1169 785 1392 825 iudicium
1422 786 1481 825 de
1505 790 1668 826 sancto
1692 785 1884 835 Thoma⁷

572 856 758 908 quando
794 854 1007 896 ChriStus
1047 855 1094 895 in
1125 855 1229 895 foro
1263 855 1499 895 venalium
1531 854 1750 908 precepit
1781 855 1884 908 sibi,

572 926 700 978 quod
749 925 971 965 transiret
1021 924 1067 964 in
1115 924 1328 978 Yndiam,
1383 931 1431 965 et
1481 924 1549 965 sic
1603 926 1661 965 de
1715 924 1885 965 ceteris

572 996 812 1048 apostoliS,
846 1000 898 1034 ut
928 1000 1062 1047 patet
1094 1007 1156 1034 ex
1183 994 1312 1034 fideli
1344 1008 1506 1034 eorum
1530 994 1717 1035 cronica
1749 1008 1886 1048 quam
1907 1008 1945 1030 10

570 1064 688 1119 legit
720 1070 768 1105 et
799 1064 1126 1117 sollempnizat
1159 1065 1371 1106 ecclesia.

627 1134 769 1174 Unde
799 1133 1050 1185 Januensis
1092 1133 1139 1173 in
1184 1147 1269 1174 suo
1301 1134 1594 1174 Katholicon
1638 1139 1793 1174 narrat
1826 1147 1887 1174 ex

572 1205 768 1257 quadam
802 1204 989 1244 cronica
1012 1203 1317 1244 conformiter
1345 1202 1349 1259 Ι
1378 1204 1436 1244 ad
1461 1209 1646 1244 cantum
1670 1203 1885 1254 ecclesie,
1930 1211 2005 1251 179²

572 1275 810 1326 quomodo
863 1275 1055 1327 apostoli
1098 1287 1186 1326 per
1236 1275 1388 1314 orbem
1432 1278 1537 1327 post
1580 1275 1886 1314 ascensionem

571 1343 761 1384 Domiui
779 1347 883 1384 suut
903 1344 1121 1396 dispersi:
1142 1343 1305 1384 Petrus
1319 1343 1514 1384 Romam
1530 1344 1658 1391 veuit,
1675 1343 1888 1384 Andreas
1907 1347 1943 1379 15

570 1413 793 1454 Achaiam
818 1417 857 1454 et
878 1416 1061 1465 uterque
1082 1414 1144 1453 ibi
1165 1413 1461 1466 crucifigitur,
1490 1413 1720 1454 Johauues
1739 1413 1886 1466 Ephe-

570 1496 671 1523 sum
708 1484 833 1523 vivus
864 1483 1006 1523 iutrat
1036 1484 1308 1536 sepulcrum,
1341 1482 1537 1524 ,Iacobus
1568 1484 1722 1523 maior
1746 1482 1886 1523 ,Jeru-

570 1553 748 1593 solimis
779 1554 1040 1605 decollatur,
1070 1553 1263 1593 Thomas
1294 1554 1341 1592 iu
1372 1553 1522 1593 Yudz'a
1543 1554 1700 1593 laucea
1732 1556 1886 1593 traus-

570 1622 753 1675 figitur,
796 1622 1037 1675 Philippus
1079 1623 1126 1662 iu
1158 1621 1319 1674 Frigia
1351 1622 1648 1675 crucifigitur,
1692 1622 1889 1663 jacobus

570 1693 723 1732 mmor
748 1690 934 1744 partica
953 1691 1153 1743 fullouz's
1173 1691 1467 1732 Jerusolz'mis
1498 1693 1731 1742 occiditur,
1763 1691 1885 1732 Bar—
1905 1705 1946 1727 20

569 1763 788 1802 tolomeus
819 1762 866 1802 iu
889 1762 1062 1802 maiori
1092 1761 1241 1802 Yudia
1273 1762 1528 1802 excoriatur
1556 1766 1594 1803 et
1624 1763 1884 1809 decollatur,

571 1831 779 1872 Matheus
816 1832 863 1871 m
895 1831 1103 1885 Ethiopia
1142 1832 1188 1871 iu
1229 1833 1368 1872 altari
1406 1833 1564 1872 laucea
1601 1832 1886 1885 perforatur,

572 1899 742 1953 Symou
765 1904 804 1941 et
826 1900 981 1942 Yudas
1002 1902 1050 1940 iu
1072 1900 1265 1953 Persyde
1288 1913 1315 1941 a
1337 1902 1627 1954 poutz'ficibus
1636 1902 1887 1954 ydolorum

570 1972 765 2011 tumultu
792 1971 953 2023 populi
975 1971 1314 2023 interimuntur,
1337 1970 1539 2011 Mallu'as
1559 1972 1605 2011 iu
1634 1970 1783 2011 Yudia
1797 1983 1888 2024 pro

575 2038 751 2081 Christo
783 2040 976 2092 patitur,
1015 2039 1164 2080 Lucas
1202 2041 1248 2080 z'u
1286 2040 1498 2092 Bythim'a
1536 2041 1652 2090 obiit,
1698 2040 1888 2081 Marcus
1901 2043 1943 2076 25

569 2109 842 2150 Alexaudrie
903 2110 1171 2149 martirium
1224 2111 1471 2162 complevit,
1536 2109 1780 2150 Barnabas
1839 2110 1886 2150 iu

572 2177 785 2219 Salamia
828 2179 999 2219 occisus
1043 2182 1114 2219 est.
1167 2177 1372 2219 Stultum
1415 2184 1569 2219 autem
1616 2185 1663 2219 et
1699 2178 1886 2219 infidele

570 2247 864 2288 mendacium
895 2247 1022 2287 foret
1042 2247 1222 2302 fingere
1244 2249 1369 2301 quod
1391 2261 1554 2289 omnes
1583 2248 1658 2288 alii
1681 2247 1888 2301 apostoli

569 2318 835 2358 habuerunt
864 2330 1107 2357 recursum
1129 2318 1188 2357 ad
1209 2317 1403 2357 Petrum
1425 2319 1504 2358 vel
1527 2317 1627 2358 eius
1650 2317 1885 2370 vicarium,

572 2392 620 2427 et
664 2400 726 2427 ex
770 2400 931 2428 eorum
975 2392 1208 2441 precepto
1252 2401 1307 2427 ac
1352 2387 1632 2428 auctoritate
1670 2387 1887 2428 fecerunt
1902 2391 1944 2424 30

571 2455 797 2510 quicquid
846 2456 1070 2508 fecerant,
1120 2456 1271 2509 primo
1324 2457 1432 2510 quia
1481 2458 1747 2497 habuerunt
1797 2470 1885 2496 ma-

571 2526 770 2580 gistrum
804 2526 1007 2567 omnium
1041 2526 1108 2566 eis
1142 2527 1365 2567 continue
1402 2527 1716 2579 assistentem,
1754 2526 1887 2567 iuxta

644 2675 688 2703 15.
718 2675 740 2703 B
769 2676 800 2703 in
830 2684 943 2711 marg.:
974 2675 1134 2703 Natalicia
1167 2675 1401 2711 apostolorum·
1432 2676 1476 2703 A:
1510 2675 1727 2711 Apostolorum
1762 2677 1884 2702 mot-les.

573 2729 622 2757 27.
643 2723 673 2749 A
692 2721 723 2749 in
746 2729 861 2757 marg:
883 2721 1025 2757 Apostoli
1043 2729 1104 2749 non
1124 2722 1298 2749 habuerunt
1317 2729 1473 2749 recursum
1493 2721 1536 2749 ad
1555 2721 1689 2749 Petrum.

640 2793 672 2826 8.
699 2794 733 2824 In
761 2793 839 2824 foro
854 2793 1042 2826 venalium.
1069 2793 1145 2824 The
1172 2794 1290 2825 lesson
1316 2793 1349 2824 in
1367 2792 1425 2824 the
1452 2793 1576 2824 Sarum
1596 2793 1759 2835 Breviary
1786 2802 1884 2835 says:

572 2840 744 2881 Apparuit
770 2841 799 2871 ei
829 2840 999 2871 Dominus
1026 2841 1059 2871 in
1090 2840 1166 2870 visu
1201 2840 1322 2872 noctis.
1355 2839 1560 2879 (Matthew).
1649 2847 1697 2871 12.
1728 2840 1879 2870 ⁸Januen-

570 2888 616 2918 sis
644 2886 860 2925 Castxolicon,
887 2887 937 2917 Cf.
968 2888 1015 2917 Dc
1042 2886 1141 2918 Civili
1171 2886 1334 2917 Dominio
1362 2886 1414 2928 111,
1441 2885 1519 2927 425.
