2078 3338
293 258 376 295 300

315 1617 537 1646 Christendom

320 1653 430 1681 should
454 1655 536 1681 unite

302 1692 331 1714 to
353 1689 476 1725 destroy
496 1691 545 1716 the

317 1731 419 1751 errors
440 1725 474 1752 of
491 1725 541 1751 the

371 1767 478 1794 popes.

1025 255 1248 287 JOHANle
1279 257 1460 288 WYCLIF
1716 244 1822 300 [CAP.
1843 254 1894 281 x1.

580 361 626 400 in
661 359 902 408 communi⁷
945 365 1215 412 apostatant
1256 362 1362 414 plus
1396 375 1532 414 quarn
1561 360 1564 415 Ι
1593 362 1817 415 Ananyas
1852 367 1899 402 et
1937 366 2017 400 236n

583 429 792 483 Saphira,
844 430 1094 483 palliantes
1145 430 1427 483 dignitatem
1482 431 1800 484 episcopalem
1852 436 1899 471 et

580 501 706 540 bona
749 513 1010 553 pauperum
1054 513 1145 539 non
1191 514 1295 540 cum
1338 500 1576 551 fratribus⁷
1628 501 1715 541 sed
1763 501 1897 541 nimis

581 569 853 609 seculariter
906 575 953 609 et
1002 569 1315 622 proprietarie
1369 576 1721 619 consumentes;
1773 571 1897 610 unde

582 638 768 679 videtur
794 644 845 679 ut
867 652 1022 692 supra,
1046 639 1175 692 quod
1195 640 1367 680 fratres
1391 640 1461 679 sui
1477 640 1556 693 qui
1578 640 1898 693 multipliciter
1915 644 1931 675 5

582 708 818 761 apostasie
850 713 943 748 tam
975 709 1108 763 gravi
1149 709 1472 760 consendunt,
1506 715 1720 750 carerent
1753 713 1895 752 bene-

583 778 799 818 diccione
843 778 1010 831 populi
1043 778 1241 819 dicentis
1281 779 1409 832 quod
1448 779 1635 833 capiant
1668 780 1726 819 de
1759 780 1896 821 bonis

582 848 692 898 suis⁷
726 847 895 901 quibus
926 848 1198 888 habundant
1230 850 1410 901 populo
1445 849 1685 902 copiosius
1707 849 1753 888 in
1777 862 1827 889 se
1851 855 1898 890 et

582 931 667 957 suo
715 917 960 970 episcopO.
1014 917 1116 957 Nec
1161 917 1353 958 dubium
1396 918 1526 958 fideli
1570 918 1684 971 quin
1727 918 1897 959 fratres

579 987 659 1041 qui
701 993 901 1041 propter
931 989 1185 1040 personale
1225 988 1519 1028 commodum
1551 989 1628 1028 vel
1670 990 1897 1029 honorem
1919 1009 1956 1030 10

581 1057 756 1098 ordinis
801 1058 878 1097 vel
922 1057 1107 1097 aliunde
1161 1057 1421 1098 omittendo
1466 1059 1605 1098 talem
1658 1058 1896 1111 corripere

581 1129 719 1181 culpe
753 1140 836 1167 sue
867 1126 1190 1177 consenciunt‚
1225 1133 1272 1167 et
1303 1127 1370 1167 sic
1401 1127 1726 1180 indignificant
1756 1141 1807 1168 se
1841 1128 1898 1167 ad

578 1197 903 1250 recipiendum
958 1197 1260 1238 elemosinam
1323 1211 1583 1251 pauperum
1644 1199 1897 1251 laycorum.

581 1268 696 1308 Nam
729 1268 873 1307 debet
919 1280 1024 1307 esse
1068 1281 1156 1320 per
1200 1280 1251 1306 se
1296 1273 1455 1308 notum
1498 1267 1718 1307 fidelibus
1771 1268 1897 1320 quod

578 1344 778 1392 propter
835 1342 1084 1390 peccatum
1143 1338 1397 1390 personale
1457 1343 1530 1377 est
1589 1337 1896 1377 communitas
1918 1346 1954 1377 15

579 1407 831 1461 punienda,
885 1412 935 1446 ut
977 1412 1175 1460 propter
1221 1412 1466 1460 peccatum
1518 1407 1654 1460 primi
1696 1406 1896 1447 hominis

579 1483 731 1518 totum
753 1489 905 1530 genus
926 1477 1176 1516 humanum
1198 1476 1385 1530 patitur⁷
1406 1483 1456 1517 ut
1478 1482 1676 1530 propter
1691 1490 1895 1517 errorem

580 1546 943 1601 archiprepositi
956 1545 1203 1586 inferiores
1226 1546 1460 1599 prepositi
1484 1552 1531 1586 et
1561 1552 1665 1586 tota
1697 1560 1894 1587 commu-

579 1618 697 1658 nitas
720 1616 981 1671 paciuntur.
1006 1616 1120 1656 Ideo
1146 1616 1212 1669 (ut
1226 1615 1324 1655 dixi
1339 1614 1467 1670 alias)
1486 1616 1542 1655 ad
1557 1617 1894 1657 destruendum

579 1700 783 1727 errorem
826 1700 1053 1740 paparum
1117 1691 1245 1726 totus
1290 1685 1656 1726 christianismus
1701 1691 1748 1726 et
1791 1699 1894 1740 spe·
1914 1703 1955 1724 20

579 1757 754 1797 cialiter
788 1756 1005 1810 episcopi
1044 1757 1220 1796 debent
1260 1769 1559 1810 consurgere.
1611 1755 1895 1796 Blasfemant

578 1827 699 1868 enim
721 1826 768 1867 in
782 1827 952 1876 Deum,
978 1825 1189 1865 dicentes
1203 1826 1330 1878 quod
1352 1824 1445 1878 ipsi
1466 1826 1642 1866 habent
1664 1825 1893 1866 infinitum

577 1897 798 1938 maiorem
831 1901 1117 1950 potestatem
1144 1909 1280 1949 quam
1310 1895 1473 1948 aliquis
1499 1895 1755 1949 episcopus
1780 1896 1893 1937 citra

576 1967 723 2021 ipsos,
762 1966 870 2020 quia
899 1966 1130 2007 infinitum
1162 1965 1414 2019 ampliores
1450 1965 1790 2019 indulgencias‚
1831 1966 1891 2007 di-

578 2036 914 2091 spensaciones
961 2042 1007 2075 et
1051 2041 1207 2076 cetera
1248 2035 1500 2088 privilegia
1544 2042 1747 2088 possunt
1785 2050 1890 2076 con·
1910 2041 1950 2073 25

579 2107 750 2147 cedere
784 2120 921 2159 quam
955 2104 1119 2158 aliquis
1153 2104 1410 2158 episcopus
1444 2104 1559 2144 citra
1589 2104 1734 2157 ipsos.

635 2177 696 2216 Et
724 2177 815 2216 hoc
842 2175 1035 2215 indubie
1060 2180 1196 2214 sonat
1216 2174 1264 2214 in
1287 2174 1556 2214 scandalum
1578 2174 1666 2215 toti
1689 2176 1889 2216 ecclesie

576 2250 777 2300 propter
825 2246 987 2285 multa:
1040 2244 1191 2298 primo
1244 2243 1351 2297 quia
1393 2243 1637 2284 blasfemia
1679 2244 1801 2285 facta
1843 2246 1890 2286 in

579 2315 811 2356 Christum
865 2320 1018 2367 caput,
1072 2327 1163 2367 qua
1225 2313 1430 2354 innuitur
1481 2314 1610 2366 quod
1660 2328 1784 2368 papa
1832 2315 1892 2356 sit

577 2385 762 2426 maioris
800 2384 1054 2438 potestatis
1095 2385 1200 2423 date
1246 2397 1269 2423 a
1309 2397 1470 2423 cesare
1509 2396 1644 2436 quam
1679 2383 1889 2426 Christus
1908 2390 1950 2422 30

576 2455 750 2505 habuit,
782 2454 895 2495 facit
917 2453 1294 2494 subtraccionem
1320 2453 1527 2507 capitalis
1552 2453 1780 2507 suffragii3
1814 2468 1888 2495 se-

577 2526 730 2566 cundo
748 2525 856 2578 quia
877 2538 1002 2578 papa
1022 2525 1226 2564 habente
1242 2524 1391 2563 solum
1413 2523 1588 2563 finitam
1603 2529 1889 2576 potestatem

576 2594 773 2648 quilibet
822 2594 1008 2634 illorum
1070 2595 1360 2647 prelatorum
1412 2606 1507 2633 non
1556 2593 1756 2635 haberet
1805 2607 1886 2647 po-

574 2670 795 2705 testatem
829 2664 833 2719 Ι
862 2665 948 2704 sub
995 2664 1149 2717 aliquo
1193 2663 1340 2717 gradu
1373 2662 1601 2716 signabili⁷
1647 2668 1694 2703 et
1736 2663 1887 2704 tercio
1929 2665 2009 2699 236b

575 2734 685 2788 quia
721 2739 922 2788 propter
958 2733 1337 2774 subtraccionem
1375 2732 1567 2772 minoris
1603 2732 1719 2773 boni
1750 2746 1888 2786 quam
1905 2735 1943 2768 35

645 2902 689 2921 21.
712 2893 812 2920 Codd.
833 2893 863 2920 in
886 2901 998 2927 marga
1020 2893 1161 2920 Polestas
1175 2900 1260 2927 pape
1279 2892 1401 2927 infinita
1420 2900 1518 2927 supra
1537 2893 1617 2919 alsov
1638 2892 1803 2927 episcopos.
