<?xml version="1.0" encoding="UTF-8"?>
<!DOCTYPE html PUBLIC "-//W3C//DTD XHTML 1.0 Transitional//EN"
    "http://www.w3.org/TR/xhtml1/DTD/xhtml1-transitional.dtd">
<html xmlns="http://www.w3.org/1999/xhtml" xml:lang="en" lang="en">
 <head>
  <title>
</title>
<meta http-equiv="Content-Type" content="text/html;charset=utf-8" />
  <meta name='ocr-system' content='tesseract 3.04.00' />
  <meta name='ocr-capabilities' content='ocr_page ocr_carea ocr_par ocr_line ocrx_word'/>
</head>
<body>
  <div class='ocr_page' id='page_1' title='image "./tractatusdepotes00wycl_0249.png"; bbox 0 0 2078 3338; ppageno 0'>
   <div class='ocr_carea' id='block_1_1' title="bbox 214 255 1136 307">
    <p class='ocr_par' dir='ltr' id='par_1_1' title="bbox 214 255 1136 307">
     <span class='ocr_line' id='line_1_1' title="bbox 214 255 1136 307; baseline 0.002 -13"><span class='ocrx_word' id='word_1_1' title='bbox 214 263 304 291; x_wconf 76' lang='lat' dir='ltr'><strong>CAP.</strong></span> <span class='ocrx_word' id='word_1_2' title='bbox 328 255 422 307; x_wconf 85' lang='lat' dir='ltr'>V111.]</span> <span class='ocrx_word' id='word_1_3' title='bbox 608 266 666 297; x_wconf 82' lang='lat' dir='ltr'><strong>DE</strong></span> <span class='ocrx_word' id='word_1_4' title='bbox 695 265 973 297; x_wconf 77' lang='lat' dir='ltr'><strong>POTEsTATE</strong></span> <span class='ocrx_word' id='word_1_5' title='bbox 1008 265 1136 296; x_wconf 82' lang='lat' dir='ltr'><strong>PAPE.</strong></span> 
     </span>
    </p>
   </div>
   <div class='ocr_carea' id='block_1_2' title="bbox 92 368 1536 2653">
    <p class='ocr_par' dir='ltr' id='par_1_2' title="bbox 154 368 1536 1746">
     <span class='ocr_line' id='line_1_2' title="bbox 215 368 1530 423; baseline -0.002 -13"><span class='ocrx_word' id='word_1_6' title='bbox 215 369 336 410; x_wconf 90' lang='lat' dir='ltr'><strong>enim</strong></span> <span class='ocrx_word' id='word_1_7' title='bbox 366 369 665 423; x_wconf 83' lang='lat' dir='ltr'><strong>Augustinus</strong></span> <span class='ocrx_word' id='word_1_8' title='bbox 695 369 742 409; x_wconf 87' lang='lat' dir='ltr'><strong>in</strong></span> <span class='ocrx_word' id='word_1_9' title='bbox 774 370 849 409; x_wconf 89' lang='lat' dir='ltr'><strong>De</strong></span> <span class='ocrx_word' id='word_1_10' title='bbox 882 369 1048 409; x_wconf 77' lang='lat' dir='ltr'>Verbis</span> <span class='ocrx_word' id='word_1_11' title='bbox 1080 368 1273 408; x_wconf 85' lang='lat' dir='ltr'>Domini</span> <span class='ocrx_word' id='word_1_12' title='bbox 1304 368 1530 410; x_wconf 77' lang='lat' dir='ltr'>Sermone</span> 
     </span>
     <span class='ocr_line' id='line_1_3' title="bbox 212 437 1530 491; baseline -0.001 -12"><span class='ocrx_word' id='word_1_13' title='bbox 212 439 350 479; x_wconf 85' lang='lat' dir='ltr'><strong>XLV</strong></span> <span class='ocrx_word' id='word_1_14' title='bbox 403 452 465 478; x_wconf 82' lang='lat' dir='ltr'><strong>ex</strong></span> <span class='ocrx_word' id='word_1_15' title='bbox 514 438 686 491; x_wconf 87' lang='lat' dir='ltr'><strong>triplici</strong></span> <span class='ocrx_word' id='word_1_16' title='bbox 737 438 970 491; x_wconf 82' lang='lat' dir='ltr'><strong>scripture</strong></span> <span class='ocrx_word' id='word_1_17' title='bbox 1021 437 1291 478; x_wconf 85' lang='lat' dir='ltr'><strong>testimonio</strong></span> <span class='ocrx_word' id='word_1_18' title='bbox 1345 438 1530 491; x_wconf 88' lang='lat' dir='ltr'><strong>signum</strong></span> 
     </span>
     <span class='ocr_line' id='line_1_4' title="bbox 214 507 1526 561; baseline -0.001 -13"><span class='ocrx_word' id='word_1_19' title='bbox 214 507 616 548; x_wconf 84' lang='lat' dir='ltr'><strong>evidentissimum</strong></span> <span class='ocrx_word' id='word_1_20' title='bbox 636 507 935 549; x_wconf 88' lang='lat' dir='ltr'><strong>Antichristi:</strong></span> <span class='ocrx_word' id='word_1_21' title='bbox 957 507 1155 561; x_wconf 89' lang='lat' dir='ltr'><strong>primum</strong></span> <span class='ocrx_word' id='word_1_22' title='bbox 1180 513 1253 548; x_wconf 88' lang='lat' dir='ltr'><strong>est</strong></span> <span class='ocrx_word' id='word_1_23' title='bbox 1273 507 1387 547; x_wconf 86' lang='lat' dir='ltr'><strong>illud</strong></span> <span class='ocrx_word' id='word_1_24' title='bbox 1400 508 1526 560; x_wconf 89' lang='lat' dir='ltr'><strong>Apo-</strong></span> 
     </span>
     <span class='ocr_line' id='line_1_5' title="bbox 213 577 1530 630; baseline -0.002 -11"><span class='ocrx_word' id='word_1_25' title='bbox 213 577 322 619; x_wconf 85' lang='lat' dir='ltr'><strong>stoli</strong></span> <span class='ocrx_word' id='word_1_26' title='bbox 371 578 507 620; x_wconf 84' lang='lat' dir='ltr'><strong>Rom.</strong></span> <span class='ocrx_word' id='word_1_27' title='bbox 557 577 618 630; x_wconf 84' lang='lat' dir='ltr'><strong>X,</strong></span> <span class='ocrx_word' id='word_1_28' title='bbox 671 592 714 629; x_wconf 82' lang='lat'><strong>3:</strong></span> <span class='ocrx_word' id='word_1_29' title='bbox 766 577 1036 630; x_wconf 75' lang='lat' dir='ltr'><strong>Ignorantes</strong></span> <span class='ocrx_word' id='word_1_30' title='bbox 1086 577 1172 618; x_wconf 88' lang='lat' dir='ltr'><strong>Dei</strong></span> <span class='ocrx_word' id='word_1_31' title='bbox 1219 578 1449 619; x_wconf 83' lang='lat' dir='ltr'><strong>iusticiam</strong></span> <span class='ocrx_word' id='word_1_32' title='bbox 1492 581 1530 618; x_wconf 87' lang='lat' dir='ltr'><strong>et</strong></span> 
     </span>
     <span class='ocr_line' id='line_1_6' title="bbox 180 647 1532 700; baseline 0 -13"><span class='ocrx_word' id='word_1_33' title='bbox 180 656 347 688; x_wconf 69' lang='lat' dir='ltr'><strong>§suam</strong></span> <span class='ocrx_word' id='word_1_34' title='bbox 391 649 584 688; x_wconf 84' lang='lat' dir='ltr'><strong>volentes</strong></span> <span class='ocrx_word' id='word_1_35' title='bbox 626 648 905 700; x_wconf 82' lang='lat' dir='ltr'><strong>constituere,</strong></span> <span class='ocrx_word' id='word_1_36' title='bbox 952 648 1125 687; x_wconf 84' lang='lat' dir='ltr'><strong>iusticie</strong></span> <span class='ocrx_word' id='word_1_37' title='bbox 1169 647 1254 688; x_wconf 87' lang='lat' dir='ltr'><strong>Dei</strong></span> <span class='ocrx_word' id='word_1_38' title='bbox 1298 660 1385 687; x_wconf 87' lang='lat' dir='ltr'><strong>non</strong></span> <span class='ocrx_word' id='word_1_39' title='bbox 1428 650 1532 687; x_wconf 79' lang='lat' dir='ltr'><strong>sunt</strong></span> 
     </span>
     <span class='ocr_line' id='line_1_7' title="bbox 210 716 1532 770; baseline -0.001 -13"><span class='ocrx_word' id='word_1_40' title='bbox 210 717 405 758; x_wconf 81' lang='lat' dir='ltr'><strong>subiecti.</strong></span> <span class='ocrx_word' id='word_1_41' title='bbox 456 716 596 757; x_wconf 83' lang='lat' dir='ltr'>Unde</span> <span class='ocrx_word' id='word_1_42' title='bbox 643 716 751 769; x_wconf 78' lang='lat' dir='ltr'><strong>quia</strong></span> <span class='ocrx_word' id='word_1_43' title='bbox 792 717 908 756; x_wconf 86' lang='lat' dir='ltr'><strong>illud</strong></span> <span class='ocrx_word' id='word_1_44' title='bbox 952 716 1134 770; x_wconf 89' lang='lat' dir='ltr'><strong>signum</strong></span> <span class='ocrx_word' id='word_1_45' title='bbox 1187 717 1427 757; x_wconf 83' lang='lat' dir='ltr'><strong>concludit</strong></span> <span class='ocrx_word' id='word_1_46' title='bbox 1468 717 1532 756; x_wconf 89' lang='lat' dir='ltr'><strong>in-</strong></span> 
     </span>
     <span class='ocr_line' id='line_1_8' title="bbox 211 786 1533 839; baseline -0.001 -13"><span class='ocrx_word' id='word_1_47' title='bbox 211 786 468 828; x_wconf 81' lang='lat' dir='ltr'><strong>fallibiliter</strong></span> <span class='ocrx_word' id='word_1_48' title='bbox 488 786 843 838; x_wconf 78' lang='lat' dir='ltr'><strong>Antichristum‚</strong></span> <span class='ocrx_word' id='word_1_49' title='bbox 869 786 1066 839; x_wconf 80' lang='lat' dir='ltr'><strong>exponit</strong></span> <span class='ocrx_word' id='word_1_50' title='bbox 1087 786 1387 839; x_wconf 83' lang='lat' dir='ltr'><strong>Augustinus</strong></span> <span class='ocrx_word' id='word_1_51' title='bbox 1410 786 1533 826; x_wconf 84' lang='lat' dir='ltr'><strong>idem</strong></span> 
     </span>
     <span class='ocr_line' id='line_1_9' title="bbox 210 856 1536 909; baseline -0.001 -13"><span class='ocrx_word' id='word_1_52' title='bbox 210 856 552 909; x_wconf 83' lang='lat' dir='ltr'><strong>pertinencius:</strong></span> <span class='ocrx_word' id='word_1_53' title='bbox 590 856 721 909; x_wconf 77' lang='lat' dir='ltr'><strong>Quid,</strong></span> <span class='ocrx_word' id='word_1_54' title='bbox 752 856 917 909; x_wconf 80' lang='lat' dir='ltr'><strong>inquit,</strong></span> <span class='ocrx_word' id='word_1_55' title='bbox 951 859 1013 896; x_wconf 83' lang='lat' dir='ltr'><strong>est</strong></span> <span class='ocrx_word' id='word_1_56' title='bbox 1044 857 1174 896; x_wconf 77' lang='lat' dir='ltr'><strong>aliud</strong></span> <span class='ocrx_word' id='word_1_57' title='bbox 1204 857 1423 908; x_wconf 78' lang='lat' dir='ltr'><strong>ignorare</strong></span> <span class='ocrx_word' id='word_1_58' title='bbox 1449 856 1536 897; x_wconf 88' lang='lat' dir='ltr'><strong>Dei</strong></span> 
     </span>
     <span class='ocr_line' id='line_1_10' title="bbox 210 926 1532 978; baseline -0.001 -12"><span class='ocrx_word' id='word_1_59' title='bbox 210 926 442 966; x_wconf 84' lang='lat' dir='ltr'><strong>iusticiam</strong></span> <span class='ocrx_word' id='word_1_60' title='bbox 476 933 516 966; x_wconf 85' lang='lat' dir='ltr'><strong>et</strong></span> <span class='ocrx_word' id='word_1_61' title='bbox 545 939 679 966; x_wconf 85' lang='lat' dir='ltr'><strong>suam</strong></span> <span class='ocrx_word' id='word_1_62' title='bbox 712 926 821 966; x_wconf 83' lang='lat' dir='ltr'><strong>velle</strong></span> <span class='ocrx_word' id='word_1_63' title='bbox 851 926 1118 966; x_wconf 88' lang='lat' dir='ltr'><strong>constituere</strong></span> <span class='ocrx_word' id='word_1_64' title='bbox 1149 926 1240 966; x_wconf 88' lang='lat' dir='ltr'><strong>nisi</strong></span> <span class='ocrx_word' id='word_1_65' title='bbox 1261 926 1422 973; x_wconf 85' lang='lat' dir='ltr'><strong>dicere,</strong></span> <span class='ocrx_word' id='word_1_66' title='bbox 1455 935 1532 978; x_wconf 78' lang='lat' dir='ltr'><strong>ego</strong></span> 
     </span>
     <span class='ocr_line' id='line_1_11' title="bbox 158 995 1533 1048; baseline 0 -13"><span class='ocrx_word' id='word_1_67' title='bbox 158 1014 196 1035; x_wconf 84' lang='lat'><strong>10</strong></span> <span class='ocrx_word' id='word_1_68' title='bbox 209 995 451 1046; x_wconf 83' lang='lat' dir='ltr'><strong>sanctifico,</strong></span> <span class='ocrx_word' id='word_1_69' title='bbox 497 1004 574 1048; x_wconf 79' lang='lat' dir='ltr'><strong>ego</strong></span> <span class='ocrx_word' id='word_1_70' title='bbox 609 996 817 1046; x_wconf 79' lang='lat' dir='ltr'><strong>iustifico,</strong></span> <span class='ocrx_word' id='word_1_71' title='bbox 860 996 978 1047; x_wconf 75' lang='lat' dir='ltr'><strong>qnod</strong></span> <span class='ocrx_word' id='word_1_72' title='bbox 1015 1003 1093 1047; x_wconf 78' lang='lat' dir='ltr'><strong>ego</strong></span> <span class='ocrx_word' id='word_1_73' title='bbox 1126 996 1288 1036; x_wconf 86' lang='lat' dir='ltr'><strong>dedero</strong></span> <span class='ocrx_word' id='word_1_74' title='bbox 1326 998 1533 1035; x_wconf 81' lang='lat' dir='ltr'><strong>sanctum</strong></span> 
     </span>
     <span class='ocr_line' id='line_1_12' title="bbox 211 1064 1536 1117; baseline 0 -13"><span class='ocrx_word' id='word_1_75' title='bbox 211 1068 286 1117; x_wconf 80' lang='lat' dir='ltr'><strong>est,</strong></span> <span class='ocrx_word' id='word_1_76' title='bbox 319 1065 492 1105; x_wconf 76' lang='lat' dir='ltr'><strong>dimitte</strong></span> <span class='ocrx_word' id='word_1_77' title='bbox 520 1064 612 1105; x_wconf 86' lang='lat' dir='ltr'><strong>Deo</strong></span> <span class='ocrx_word' id='word_1_78' title='bbox 644 1066 762 1117; x_wconf 76' lang='lat' dir='ltr'><strong>quod</strong></span> <span class='ocrx_word' id='word_1_79' title='bbox 783 1064 869 1105; x_wconf 85' lang='lat' dir='ltr'><strong>Dei</strong></span> <span class='ocrx_word' id='word_1_80' title='bbox 901 1068 974 1114; x_wconf 88' lang='lat' dir='ltr'><strong>est,</strong></span> <span class='ocrx_word' id='word_1_81' title='bbox 1007 1073 1211 1117; x_wconf 76' lang='lat' dir='ltr'><strong>agnosce,</strong></span> <span class='ocrx_word' id='word_1_82' title='bbox 1242 1066 1386 1116; x_wconf 84' lang='lat' dir='ltr'><strong>homo,</strong></span> <span class='ocrx_word' id='word_1_83' title='bbox 1418 1066 1536 1116; x_wconf 78' lang='lat' dir='ltr'><strong>qnod</strong></span> 
     </span>
     <span class='ocr_line' id='line_1_13' title="bbox 208 1134 1536 1187; baseline 0 -13"><span class='ocrx_word' id='word_1_84' title='bbox 208 1135 408 1175; x_wconf 85' lang='lat' dir='ltr'><strong>hominis</strong></span> <span class='ocrx_word' id='word_1_85' title='bbox 450 1137 533 1183; x_wconf 69' lang='lat' dir='ltr'><strong>est,</strong></span> <span class='ocrx_word' id='word_1_86' title='bbox 573 1135 766 1187; x_wconf 77' lang='lat' dir='ltr'><strong>ignoras</strong></span> <span class='ocrx_word' id='word_1_87' title='bbox 809 1134 896 1174; x_wconf 88' lang='lat' dir='ltr'><strong>Dei</strong></span> <span class='ocrx_word' id='word_1_88' title='bbox 938 1135 1171 1174; x_wconf 83' lang='lat' dir='ltr'><strong>iusticiam</strong></span> <span class='ocrx_word' id='word_1_89' title='bbox 1215 1138 1254 1174; x_wconf 84' lang='lat' dir='ltr'><strong>et</strong></span> <span class='ocrx_word' id='word_1_90' title='bbox 1296 1138 1423 1175; x_wconf 90' lang='lat' dir='ltr'><strong>tuam</strong></span> <span class='ocrx_word' id='word_1_91' title='bbox 1466 1136 1536 1174; x_wconf 77' lang='lat' dir='ltr'><strong>vis</strong></span> 
     </span>
     <span class='ocr_line' id='line_1_14' title="bbox 210 1203 1533 1255; baseline 0.001 -12"><span class='ocrx_word' id='word_1_92' title='bbox 210 1205 485 1255; x_wconf 84' lang='lat' dir='ltr'><strong>constituere,</strong></span> <span class='ocrx_word' id='word_1_93' title='bbox 516 1204 765 1255; x_wconf 84' lang='lat' dir='ltr'><strong>iustificare</strong></span> <span class='ocrx_word' id='word_1_94' title='bbox 787 1217 858 1245; x_wconf 88' lang='lat' dir='ltr'><strong>me</strong></span> <span class='ocrx_word' id='word_1_95' title='bbox 880 1206 960 1252; x_wconf 80' lang='lat' dir='ltr'><strong>vis,</strong></span> <span class='ocrx_word' id='word_1_96' title='bbox 994 1203 1165 1255; x_wconf 83' lang='lat' dir='ltr'><strong>sufficit</strong></span> <span class='ocrx_word' id='word_1_97' title='bbox 1186 1205 1266 1244; x_wconf 83' lang='lat' dir='ltr'><strong>tibi</strong></span> <span class='ocrx_word' id='word_1_98' title='bbox 1287 1208 1334 1245; x_wconf 91' lang='lat' dir='ltr'><strong>ut</strong></span> <span class='ocrx_word' id='word_1_99' title='bbox 1358 1217 1533 1244; x_wconf 79' lang='lat' dir='ltr'><strong>mecum</strong></span> 
     </span>
     <span class='ocr_line' id='line_1_15' title="bbox 210 1272 1535 1326; baseline 0 -13"><span class='ocrx_word' id='word_1_100' title='bbox 210 1272 480 1324; x_wconf 85' lang='lat' dir='ltr'><strong>iustificeris.</strong></span> <span class='ocrx_word' id='word_1_101' title='bbox 532 1273 800 1314; x_wconf 79' lang='lat' dir='ltr'><strong>Vendicant</strong></span> <span class='ocrx_word' id='word_1_102' title='bbox 857 1274 978 1314; x_wconf 89' lang='lat' dir='ltr'><strong>enim</strong></span> <span class='ocrx_word' id='word_1_103' title='bbox 1036 1273 1221 1326; x_wconf 74' lang='lat' dir='ltr'><strong>quidam</strong></span> <span class='ocrx_word' id='word_1_104' title='bbox 1275 1274 1535 1314; x_wconf 87' lang='lat' dir='ltr'><strong>secundum</strong></span> 
     </span>
     <span class='ocr_line' id='line_1_16' title="bbox 158 1343 1535 1396; baseline 0.001 -14"><span class='ocrx_word' id='word_1_105' title='bbox 158 1343 346 1396; x_wconf 85' lang='lat' dir='ltr'><strong>15legcs</strong></span> <span class='ocrx_word' id='word_1_106' title='bbox 399 1356 506 1383; x_wconf 81' lang='lat' dir='ltr'><strong>suas</strong></span> <span class='ocrx_word' id='word_1_107' title='bbox 558 1356 731 1396; x_wconf 88' lang='lat' dir='ltr'><strong>regere</strong></span> <span class='ocrx_word' id='word_1_108' title='bbox 785 1349 938 1384; x_wconf 85' lang='lat' dir='ltr'><strong>totum</strong></span> <span class='ocrx_word' id='word_1_109' title='bbox 995 1344 1219 1383; x_wconf 83' lang='lat' dir='ltr'><strong>mundum</strong></span> <span class='ocrx_word' id='word_1_110' title='bbox 1281 1349 1328 1383; x_wconf 91' lang='lat' dir='ltr'><strong>et</strong></span> <span class='ocrx_word' id='word_1_111' title='bbox 1379 1349 1535 1384; x_wconf 77' lang='lat' dir='ltr'><strong>tamen</strong></span> 
     </span>
     <span class='ocr_line' id='line_1_17' title="bbox 210 1413 1534 1467; baseline 0.001 -15"><span class='ocrx_word' id='word_1_112' title='bbox 210 1413 427 1453; x_wconf 85' lang='lat' dir='ltr'><strong>nesciunt</strong></span> <span class='ocrx_word' id='word_1_113' title='bbox 472 1415 730 1455; x_wconf 87' lang='lat' dir='ltr'><strong>secundum</strong></span> <span class='ocrx_word' id='word_1_114' title='bbox 776 1415 909 1467; x_wconf 88' lang='lat' dir='ltr'><strong>leges</strong></span> <span class='ocrx_word' id='word_1_115' title='bbox 954 1413 1046 1453; x_wconf 88' lang='lat' dir='ltr'><strong>Dei</strong></span> <span class='ocrx_word' id='word_1_116' title='bbox 1091 1427 1141 1454; x_wconf 89' lang='lat' dir='ltr'><strong>se</strong></span> <span class='ocrx_word' id='word_1_117' title='bbox 1184 1413 1319 1466; x_wconf 90' lang='lat' dir='ltr'><strong>ipsos</strong></span> <span class='ocrx_word' id='word_1_118' title='bbox 1362 1427 1534 1467; x_wconf 83' lang='lat' dir='ltr'><strong>regere</strong></span> 
     </span>
     <span class='ocr_line' id='line_1_18' title="bbox 210 1483 1533 1536; baseline 0.001 -14"><span class='ocrx_word' id='word_1_119' title='bbox 210 1483 287 1523; x_wconf 88' lang='lat' dir='ltr'><strong>vel</strong></span> <span class='ocrx_word' id='word_1_120' title='bbox 320 1496 431 1524; x_wconf 90' lang='lat' dir='ltr'><strong>suos</strong></span> <span class='ocrx_word' id='word_1_121' title='bbox 465 1484 768 1533; x_wconf 79' lang='lat' dir='ltr'><strong>domesticos,</strong></span> <span class='ocrx_word' id='word_1_122' title='bbox 808 1489 855 1523; x_wconf 91' lang='lat' dir='ltr'><strong>et</strong></span> <span class='ocrx_word' id='word_1_123' title='bbox 888 1497 993 1524; x_wconf 90' lang='lat' dir='ltr'><strong>cum</strong></span> <span class='ocrx_word' id='word_1_124' title='bbox 1024 1483 1089 1523; x_wconf 89' lang='lat' dir='ltr'><strong>illi</strong></span> <span class='ocrx_word' id='word_1_125' title='bbox 1119 1485 1297 1523; x_wconf 75' lang='lat' dir='ltr'><strong>habent</strong></span> <span class='ocrx_word' id='word_1_126' title='bbox 1327 1485 1533 1536; x_wconf 87' lang='lat' dir='ltr'><strong>pseudo-</strong></span> 
     </span>
     <span class='ocr_line' id='line_1_19' title="bbox 210 1553 1533 1606; baseline 0 -14"><span class='ocrx_word' id='word_1_127' title='bbox 210 1553 468 1606; x_wconf 85' lang='lat' dir='ltr'><strong>discipulos</strong></span> <span class='ocrx_word' id='word_1_128' title='bbox 510 1554 702 1606; x_wconf 88' lang='lat' dir='ltr'><strong>publice</strong></span> <span class='ocrx_word' id='word_1_129' title='bbox 747 1559 1015 1594; x_wconf 75' lang='lat' dir='ltr'><strong>asserentes</strong></span> <span class='ocrx_word' id='word_1_130' title='bbox 1060 1554 1190 1606; x_wconf 87' lang='lat' dir='ltr'><strong>quod</strong></span> <span class='ocrx_word' id='word_1_131' title='bbox 1233 1553 1325 1606; x_wconf 89' lang='lat' dir='ltr'><strong>ipsi</strong></span> <span class='ocrx_word' id='word_1_132' title='bbox 1368 1553 1533 1593; x_wconf 88' lang='lat' dir='ltr'><strong>melius</strong></span> 
     </span>
     <span class='ocr_line' id='line_1_20' title="bbox 211 1622 1533 1676; baseline 0 -14"><span class='ocrx_word' id='word_1_133' title='bbox 211 1628 259 1662; x_wconf 91' lang='lat' dir='ltr'><strong>et</strong></span> <span class='ocrx_word' id='word_1_134' title='bbox 290 1622 635 1664; x_wconf 81' lang='lat' dir='ltr'><strong>universalibus</strong></span> <span class='ocrx_word' id='word_1_135' title='bbox 666 1628 843 1676; x_wconf 87' lang='lat' dir='ltr'><strong>regunt</strong></span> <span class='ocrx_word' id='word_1_136' title='bbox 875 1623 1123 1664; x_wconf 76' lang='lat' dir='ltr'><strong>ecclesiam</strong></span> <span class='ocrx_word' id='word_1_137' title='bbox 1156 1636 1295 1676; x_wconf 80' lang='lat' dir='ltr'><strong>quam</strong></span> <span class='ocrx_word' id='word_1_138' title='bbox 1320 1622 1533 1663; x_wconf 87' lang='lat' dir='ltr'><strong>Christus</strong></span> 
     </span>
     <span class='ocr_line' id='line_1_21' title="bbox 154 1693 672 1746; baseline 0.008 -16"><span class='ocrx_word' id='word_1_139' title='bbox 154 1709 196 1730; x_wconf 89' lang='lat'><strong>20</strong></span> <span class='ocrx_word' id='word_1_140' title='bbox 209 1693 287 1733; x_wconf 84' lang='lat' dir='ltr'><strong>vel</strong></span> <span class='ocrx_word' id='word_1_141' title='bbox 321 1693 421 1733; x_wconf 90' lang='lat' dir='ltr'><strong>eius</strong></span> <span class='ocrx_word' id='word_1_142' title='bbox 456 1693 672 1746; x_wconf 78' lang='lat' dir='ltr'><strong>apostoli.</strong></span> 
     </span>
    </p>

    <p class='ocr_par' dir='ltr' id='par_1_3' title="bbox 209 1761 1534 2026">
     <span class='ocr_line' id='line_1_22' title="bbox 269 1761 1531 1815; baseline -0.002 -12"><span class='ocrx_word' id='word_1_143' title='bbox 269 1761 540 1803; x_wconf 84' lang='lat' dir='ltr'><strong>Secundum</strong></span> <span class='ocrx_word' id='word_1_144' title='bbox 592 1763 911 1804; x_wconf 85' lang='lat' dir='ltr'><strong>testimonium</strong></span> <span class='ocrx_word' id='word_1_145' title='bbox 964 1769 1037 1804; x_wconf 92' lang='lat' dir='ltr'><strong>est</strong></span> <span class='ocrx_word' id='word_1_146' title='bbox 1087 1764 1202 1803; x_wconf 85' lang='lat' dir='ltr'><strong>illud</strong></span> <span class='ocrx_word' id='word_1_147' title='bbox 1245 1763 1346 1814; x_wconf 91' lang='lat' dir='ltr'><strong>Joh.</strong></span> <span class='ocrx_word' id='word_1_148' title='bbox 1379 1762 1438 1815; x_wconf 85' lang='lat' dir='ltr'><strong>V,</strong></span> <span class='ocrx_word' id='word_1_149' title='bbox 1479 1777 1531 1813; x_wconf 80' lang='lat'><strong>43</strong></span> 
     </span>
     <span class='ocr_line' id='line_1_23' title="bbox 211 1833 1534 1886; baseline -0.001 -14"><span class='ocrx_word' id='word_1_150' title='bbox 211 1837 387 1873; x_wconf 81' lang='lat' dir='ltr'><strong>tactum</strong></span> <span class='ocrx_word' id='word_1_151' title='bbox 420 1833 658 1886; x_wconf 86' lang='lat' dir='ltr'><strong>superius:</strong></span> <span class='ocrx_word' id='word_1_152' title='bbox 697 1833 792 1886; x_wconf 77' lang='lat' dir='ltr'><strong>Ego</strong></span> <span class='ocrx_word' id='word_1_153' title='bbox 832 1835 933 1874; x_wconf 85' lang='lat' dir='ltr'><strong>veni</strong></span> <span class='ocrx_word' id='word_1_154' title='bbox 963 1835 1010 1874; x_wconf 93' lang='lat' dir='ltr'><strong>in</strong></span> <span class='ocrx_word' id='word_1_155' title='bbox 1043 1834 1226 1874; x_wconf 87' lang='lat' dir='ltr'><strong>nomine</strong></span> <span class='ocrx_word' id='word_1_156' title='bbox 1259 1834 1413 1885; x_wconf 82' lang='lat' dir='ltr'><strong>patris</strong></span> <span class='ocrx_word' id='word_1_157' title='bbox 1443 1833 1534 1872; x_wconf 80' lang='lat' dir='ltr'><strong>mei</strong></span> 
     </span>
     <span class='ocr_line' id='line_1_24' title="bbox 211 1903 1534 1956; baseline 0 -14"><span class='ocrx_word' id='word_1_158' title='bbox 211 1906 250 1943; x_wconf 88' lang='lat' dir='ltr'><strong>et</strong></span> <span class='ocrx_word' id='word_1_159' title='bbox 279 1916 369 1943; x_wconf 90' lang='lat' dir='ltr'><strong>non</strong></span> <span class='ocrx_word' id='word_1_160' title='bbox 401 1904 637 1956; x_wconf 77' lang='lat' dir='ltr'><strong>accepistis</strong></span> <span class='ocrx_word' id='word_1_161' title='bbox 667 1916 751 1944; x_wconf 83' lang='lat' dir='ltr'><strong>me.</strong></span> <span class='ocrx_word' id='word_1_162' title='bbox 815 1903 866 1944; x_wconf 87' lang='lat' dir='ltr'><strong>Si</strong></span> <span class='ocrx_word' id='word_1_163' title='bbox 903 1904 1026 1944; x_wconf 87' lang='lat' dir='ltr'><strong>alius</strong></span> <span class='ocrx_word' id='word_1_164' title='bbox 1068 1904 1237 1944; x_wconf 83' lang='lat' dir='ltr'><strong>venerit</strong></span> <span class='ocrx_word' id='word_1_165' title='bbox 1274 1903 1320 1942; x_wconf 84' lang='lat' dir='ltr'><strong>in</strong></span> <span class='ocrx_word' id='word_1_166' title='bbox 1353 1903 1534 1943; x_wconf 86' lang='lat' dir='ltr'><strong>nomine</strong></span> 
     </span>
     <span class='ocr_line' id='line_1_25' title="bbox 209 1972 1533 2026; baseline -0.002 -13"><span class='ocrx_word' id='word_1_167' title='bbox 209 1985 304 2022; x_wconf 76' lang='lat' dir='ltr'><strong>SuO,</strong></span> <span class='ocrx_word' id='word_1_168' title='bbox 336 1974 467 2013; x_wconf 86' lang='lat' dir='ltr'><strong>illum</strong></span> <span class='ocrx_word' id='word_1_169' title='bbox 500 1973 740 2025; x_wconf 76' lang='lat' dir='ltr'><strong>accipietis.</strong></span> <span class='ocrx_word' id='word_1_170' title='bbox 774 1972 930 2026; x_wconf 85' lang='lat' dir='ltr'><strong>Super</strong></span> <span class='ocrx_word' id='word_1_171' title='bbox 962 1987 1055 2026; x_wconf 87' lang='lat' dir='ltr'><strong>quo</strong></span> <span class='ocrx_word' id='word_1_172' title='bbox 1081 1973 1193 2013; x_wconf 85' lang='lat' dir='ltr'><strong>dicit</strong></span> <span class='ocrx_word' id='word_1_173' title='bbox 1214 1972 1533 2026; x_wconf 84' lang='lat' dir='ltr'><strong>Augustinus:</strong></span> 
     </span>
    </p>

    <p class='ocr_par' dir='ltr' id='par_1_4' title="bbox 154 2042 1536 2374">
     <span class='ocr_line' id='line_1_26' title="bbox 154 2042 1536 2097; baseline 0.002 -18"><span class='ocrx_word' id='word_1_174' title='bbox 154 2047 194 2078; x_wconf 84' lang='lat'><strong>25</strong></span> <span class='ocrx_word' id='word_1_175' title='bbox 210 2042 278 2082; x_wconf 88' lang='lat' dir='ltr'><strong>De</strong></span> <span class='ocrx_word' id='word_1_176' title='bbox 298 2042 572 2083; x_wconf 74' lang='lat' dir='ltr'><strong>Antichristo</strong></span> <span class='ocrx_word' id='word_1_177' title='bbox 606 2044 775 2085; x_wconf 85' lang='lat' dir='ltr'><strong>dictum</strong></span> <span class='ocrx_word' id='word_1_178' title='bbox 805 2048 878 2097; x_wconf 83' lang='lat' dir='ltr'><strong>est,</strong></span> <span class='ocrx_word' id='word_1_179' title='bbox 913 2047 951 2083; x_wconf 88' lang='lat' dir='ltr'><strong>et</strong></span> <span class='ocrx_word' id='word_1_180' title='bbox 982 2056 1137 2084; x_wconf 85' lang='lat' dir='ltr'><strong>omnes</strong></span> <span class='ocrx_word' id='word_1_181' title='bbox 1167 2044 1232 2083; x_wconf 85' lang='lat' dir='ltr'><strong>sic</strong></span> <span class='ocrx_word' id='word_1_182' title='bbox 1263 2043 1536 2094; x_wconf 65' lang='lat' dir='ltr'><strong>intelligunt:</strong></span> 
     </span>
     <span class='ocr_line' id='line_1_27' title="bbox 209 2111 1536 2166; baseline 0 -15"><span class='ocrx_word' id='word_1_183' title='bbox 209 2111 304 2164; x_wconf 80' lang='lat' dir='ltr'><strong>Ego</strong></span> <span class='ocrx_word' id='word_1_184' title='bbox 336 2113 437 2152; x_wconf 86' lang='lat' dir='ltr'><strong>veni</strong></span> <span class='ocrx_word' id='word_1_185' title='bbox 473 2113 520 2152; x_wconf 85' lang='lat' dir='ltr'><strong>in</strong></span> <span class='ocrx_word' id='word_1_186' title='bbox 557 2114 742 2154; x_wconf 86' lang='lat' dir='ltr'><strong>nomine</strong></span> <span class='ocrx_word' id='word_1_187' title='bbox 772 2114 926 2166; x_wconf 84' lang='lat' dir='ltr'><strong>patris</strong></span> <span class='ocrx_word' id='word_1_188' title='bbox 956 2114 1048 2154; x_wconf 90' lang='lat' dir='ltr'><strong>mei</strong></span> <span class='ocrx_word' id='word_1_189' title='bbox 1079 2117 1118 2153; x_wconf 90' lang='lat' dir='ltr'><strong>et</strong></span> <span class='ocrx_word' id='word_1_190' title='bbox 1151 2126 1239 2153; x_wconf 91' lang='lat' dir='ltr'><strong>non</strong></span> <span class='ocrx_word' id='word_1_191' title='bbox 1277 2113 1536 2164; x_wconf 76' lang='lat' dir='ltr'><strong>suscepistis</strong></span> 
     </span>
     <span class='ocr_line' id='line_1_28' title="bbox 210 2182 1535 2235; baseline 0 -14"><span class='ocrx_word' id='word_1_192' title='bbox 210 2194 296 2233; x_wconf 87' lang='lat' dir='ltr'><strong>me,</strong></span> <span class='ocrx_word' id='word_1_193' title='bbox 325 2182 367 2221; x_wconf 89' lang='lat' dir='ltr'><strong>si</strong></span> <span class='ocrx_word' id='word_1_194' title='bbox 399 2182 521 2223; x_wconf 88' lang='lat' dir='ltr'><strong>alius</strong></span> <span class='ocrx_word' id='word_1_195' title='bbox 548 2184 717 2223; x_wconf 80' lang='lat' dir='ltr'><strong>venerit</strong></span> <span class='ocrx_word' id='word_1_196' title='bbox 739 2184 786 2224; x_wconf 91' lang='lat' dir='ltr'><strong>in</strong></span> <span class='ocrx_word' id='word_1_197' title='bbox 810 2184 993 2223; x_wconf 84' lang='lat' dir='ltr'><strong>nomine</strong></span> <span class='ocrx_word' id='word_1_198' title='bbox 1014 2196 1109 2235; x_wconf 88' lang='lat' dir='ltr'><strong>suo,</strong></span> <span class='ocrx_word' id='word_1_199' title='bbox 1132 2183 1249 2223; x_wconf 89' lang='lat' dir='ltr'><strong>hunc</strong></span> <span class='ocrx_word' id='word_1_200' title='bbox 1269 2183 1535 2234; x_wconf 83' lang='lat' dir='ltr'><strong>suscipietis.</strong></span> 
     </span>
     <span class='ocr_line' id='line_1_29' title="bbox 211 2252 1535 2304; baseline 0 -13"><span class='ocrx_word' id='word_1_201' title='bbox 211 2253 296 2291; x_wconf 85' lang='lat' dir='ltr'><strong>Sed</strong></span> <span class='ocrx_word' id='word_1_202' title='bbox 309 2252 560 2292; x_wconf 74' lang='lat' dir='ltr'><strong>audiamus</strong></span> <span class='ocrx_word' id='word_1_203' title='bbox 573 2252 609 2292; x_wconf 85' lang='lat' dir='ltr'><em>J</em></span> <span class='ocrx_word' id='word_1_204' title='bbox 607 2253 830 2293; x_wconf 87' lang='lat' dir='ltr'><strong>ohannem</strong></span> <span class='ocrx_word' id='word_1_205' title='bbox 839 2267 853 2293; x_wconf 93' lang='grc'><strong>.·</strong></span> <span class='ocrx_word' id='word_1_206' title='bbox 872 2252 1092 2303; x_wconf 74' lang='lat' dir='ltr'><strong>Audistis,</strong></span> <span class='ocrx_word' id='word_1_207' title='bbox 1106 2254 1214 2304; x_wconf 76' lang='lat' dir='ltr'><strong>quia</strong></span> <span class='ocrx_word' id='word_1_208' title='bbox 1229 2253 1535 2294; x_wconf 81' lang='lat' dir='ltr'><strong>Antichristus</strong></span> 
     </span>
     <span class='ocr_line' id='line_1_30' title="bbox 208 2321 1535 2374; baseline 0 -13"><span class='ocrx_word' id='word_1_209' title='bbox 208 2323 339 2371; x_wconf 82' lang='lat' dir='ltr'><strong>venit,</strong></span> <span class='ocrx_word' id='word_1_210' title='bbox 382 2325 423 2361; x_wconf 91' lang='lat' dir='ltr'><strong>et</strong></span> <span class='ocrx_word' id='word_1_211' title='bbox 464 2334 584 2362; x_wconf 89' lang='lat' dir='ltr'><strong>nnnc</strong></span> <span class='ocrx_word' id='word_1_212' title='bbox 616 2323 884 2364; x_wconf 83' lang='lat' dir='ltr'><strong>Antichristi</strong></span> <span class='ocrx_word' id='word_1_213' title='bbox 924 2324 1058 2364; x_wconf 85' lang='lat' dir='ltr'><strong>multi</strong></span> <span class='ocrx_word' id='word_1_214' title='bbox 1084 2324 1206 2374; x_wconf 86' lang='lat' dir='ltr'><strong>facti</strong></span> <span class='ocrx_word' id='word_1_215' title='bbox 1243 2325 1357 2363; x_wconf 91' lang='lat' dir='ltr'><strong>sunt.</strong></span> <span class='ocrx_word' id='word_1_216' title='bbox 1416 2321 1535 2373; x_wconf 78' lang='lat' dir='ltr'><strong>Quid</strong></span> 
     </span>
    </p>

    <p class='ocr_par' dir='ltr' id='par_1_5' title="bbox 92 2389 1536 2653">
     <span class='ocr_line' id='line_1_31' title="bbox 92 2389 1536 2446; baseline 0 -16"><span class='ocrx_word' id='word_1_217' title='bbox 92 2394 173 2438; x_wconf 69' lang='lat' dir='ltr'><strong>207⁰l</strong></span> <span class='ocrx_word' id='word_1_218' title='bbox 211 2394 362 2431; x_wconf 88' lang='lat' dir='ltr'><strong>autem</strong></span> <span class='ocrx_word' id='word_1_219' title='bbox 415 2393 753 2443; x_wconf 77' lang='lat' dir='ltr'><strong>expavescimus</strong></span> <span class='ocrx_word' id='word_1_220' title='bbox 804 2394 850 2433; x_wconf 91' lang='lat' dir='ltr'><strong>in</strong></span> <span class='ocrx_word' id='word_1_221' title='bbox 890 2393 1178 2442; x_wconf 72' lang='lat' dir='ltr'><strong>Antichristo,</strong></span> <span class='ocrx_word' id='word_1_222' title='bbox 1237 2393 1328 2432; x_wconf 87' lang='lat' dir='ltr'><strong>nisi</strong></span> <span class='ocrx_word' id='word_1_223' title='bbox 1375 2389 1379 2446; x_wconf 73' lang='grc' dir='ltr'>Ι</span> <span class='ocrx_word' id='word_1_224' title='bbox 1428 2391 1536 2443; x_wconf 79' lang='lat' dir='ltr'><strong>quia</strong></span> 
     </span>
     <span class='ocr_line' id='line_1_32' title="bbox 210 2460 1533 2502; baseline -0.001 -2"><span class='ocrx_word' id='word_1_225' title='bbox 210 2473 374 2501; x_wconf 87' lang='lat' dir='ltr'><strong>nomen</strong></span> <span class='ocrx_word' id='word_1_226' title='bbox 415 2473 552 2501; x_wconf 90' lang='lat' dir='ltr'><strong>suum</strong></span> <span class='ocrx_word' id='word_1_227' title='bbox 595 2462 903 2502; x_wconf 75' lang='lat' dir='ltr'><strong>honoraturus</strong></span> <span class='ocrx_word' id='word_1_228' title='bbox 954 2465 1016 2502; x_wconf 90' lang='lat' dir='ltr'><strong>est</strong></span> <span class='ocrx_word' id='word_1_229' title='bbox 1067 2465 1106 2502; x_wconf 92' lang='lat' dir='ltr'><strong>et</strong></span> <span class='ocrx_word' id='word_1_230' title='bbox 1148 2474 1311 2502; x_wconf 87' lang='lat' dir='ltr'><strong>nomen</strong></span> <span class='ocrx_word' id='word_1_231' title='bbox 1356 2460 1533 2500; x_wconf 87' lang='lat' dir='ltr'><strong>domini</strong></span> 
     </span>
     <span class='ocr_line' id='line_1_33' title="bbox 210 2528 1533 2584; baseline -0.001 -15"><span class='ocrx_word' id='word_1_232' title='bbox 210 2533 560 2583; x_wconf 87' lang='lat' dir='ltr'><strong>contempturus.</strong></span> <span class='ocrx_word' id='word_1_233' title='bbox 591 2528 711 2577; x_wconf 76' lang='lat' dir='ltr'><strong>Quid</strong></span> <span class='ocrx_word' id='word_1_234' title='bbox 732 2532 862 2571; x_wconf 86' lang='lat' dir='ltr'><strong>aliud</strong></span> <span class='ocrx_word' id='word_1_235' title='bbox 880 2531 1016 2584; x_wconf 76' lang='lat' dir='ltr'><strong>facit,</strong></span> <span class='ocrx_word' id='word_1_236' title='bbox 1038 2532 1116 2582; x_wconf 72' lang='lat' dir='ltr'><strong>qni</strong></span> <span class='ocrx_word' id='word_1_237' title='bbox 1137 2532 1263 2571; x_wconf 84' lang='lat' dir='ltr'><strong>dicit:</strong></span> <span class='ocrx_word' id='word_1_238' title='bbox 1283 2530 1378 2582; x_wconf 79' lang='lat' dir='ltr'><strong>Ego</strong></span> <span class='ocrx_word' id='word_1_239' title='bbox 1402 2530 1533 2569; x_wconf 82' lang='lat' dir='ltr'><strong>iusti-</strong></span> 
     </span>
     <span class='ocr_line' id='line_1_34' title="bbox 207 2599 1536 2653; baseline -0.001 -14"><span class='ocrx_word' id='word_1_240' title='bbox 207 2599 336 2649; x_wconf 73' lang='lat' dir='ltr'><strong>fico?</strong></span> <span class='ocrx_word' id='word_1_241' title='bbox 366 2601 604 2652; x_wconf 89' lang='lat' dir='ltr'><strong>respondet</strong></span> <span class='ocrx_word' id='word_1_242' title='bbox 636 2602 699 2640; x_wconf 86' lang='lat' dir='ltr'><strong>eis</strong></span> <span class='ocrx_word' id='word_1_243' title='bbox 728 2602 945 2652; x_wconf 81' lang='lat' dir='ltr'><strong>subditus,</strong></span> <span class='ocrx_word' id='word_1_244' title='bbox 979 2610 1056 2653; x_wconf 77' lang='lat' dir='ltr'><strong>ego</strong></span> <span class='ocrx_word' id='word_1_245' title='bbox 1089 2602 1151 2640; x_wconf 91' lang='lat' dir='ltr'><strong>ad</strong></span> <span class='ocrx_word' id='word_1_246' title='bbox 1176 2599 1405 2643; x_wconf 87' lang='lat' dir='ltr'><strong>Christum</strong></span> <span class='ocrx_word' id='word_1_247' title='bbox 1436 2599 1536 2639; x_wconf 82' lang='lat' dir='ltr'><strong>veni</strong></span> 
     </span>
    </p>
   </div>
   <div class='ocr_carea' id='block_1_3' title="bbox 211 2758 1533 2841">
    <p class='ocr_par' dir='ltr' id='par_1_6' title="bbox 211 2758 1533 2841">
     <span class='ocr_line' id='line_1_35' title="bbox 279 2758 1533 2795; baseline 0.002 -11"><span class='ocrx_word' id='word_1_248' title='bbox 279 2767 308 2792; x_wconf 87' lang='lat'><strong>4.</strong></span> <span class='ocrx_word' id='word_1_249' title='bbox 330 2758 446 2786; x_wconf 89' lang='lat' dir='ltr'><strong>Codd.:</strong></span> <span class='ocrx_word' id='word_1_250' title='bbox 467 2758 553 2785; x_wconf 84' lang='lat' dir='ltr'><strong>Rom.</strong></span> <span class='ocrx_word' id='word_1_251' title='bbox 568 2759 591 2785; x_wconf 91' lang='lat' dir='ltr'><strong>I.</strong></span> <span class='ocrx_word' id='word_1_252' title='bbox 668 2767 710 2787; x_wconf 86' lang='lat'><strong>10.</strong></span> <span class='ocrx_word' id='word_1_253' title='bbox 734 2759 830 2787; x_wconf 80' lang='lat' dir='ltr'><strong>Cod.:</strong></span> <span class='ocrx_word' id='word_1_254' title='bbox 851 2767 912 2795; x_wconf 78' lang='lat' dir='ltr'><strong>ego</strong></span> <span class='ocrx_word' id='word_1_255' title='bbox 931 2758 1103 2794; x_wconf 79' lang='lat' dir='ltr'><strong>sanctifico,</strong></span> <span class='ocrx_word' id='word_1_256' title='bbox 1123 2767 1185 2795; x_wconf 77' lang='lat' dir='ltr'><strong>ego</strong></span> <span class='ocrx_word' id='word_1_257' title='bbox 1198 2758 1368 2794; x_wconf 81' lang='lat' dir='ltr'><strong>sanctifico.</strong></span> <span class='ocrx_word' id='word_1_258' title='bbox 1444 2766 1488 2786; x_wconf 86' lang='lat'><strong>21.</strong></span> <span class='ocrx_word' id='word_1_259' title='bbox 1511 2758 1533 2785; x_wconf 89' lang='lat' dir='ltr'>B</span> 
     </span>
     <span class='ocr_line' id='line_1_36' title="bbox 211 2804 1247 2841; baseline 0.002 -10"><span class='ocrx_word' id='word_1_260' title='bbox 211 2805 243 2831; x_wconf 89' lang='lat' dir='ltr'><strong>in</strong></span> <span class='ocrx_word' id='word_1_261' title='bbox 263 2813 379 2840; x_wconf 73' lang='lat' dir='ltr'><strong>marg:</strong></span> <span class='ocrx_word' id='word_1_262' title='bbox 402 2805 506 2838; x_wconf 83' lang='lat' dir='ltr'><strong>N0!a,·</strong></span> <span class='ocrx_word' id='word_1_263' title='bbox 524 2807 552 2833; x_wconf 90' lang='lat' dir='ltr'><strong>A</strong></span> <span class='ocrx_word' id='word_1_264' title='bbox 567 2806 597 2833; x_wconf 89' lang='lat' dir='ltr'><strong>in</strong></span> <span class='ocrx_word' id='word_1_265' title='bbox 619 2814 734 2841; x_wconf 61' lang='lat' dir='ltr'><strong>marg:</strong></span> <span class='ocrx_word' id='word_1_266' title='bbox 755 2814 777 2833; x_wconf 86' lang='lat'><strong>1.</strong></span> <span class='ocrx_word' id='word_1_267' title='bbox 854 2805 901 2833; x_wconf 83' lang='lat'><strong>28.</strong></span> <span class='ocrx_word' id='word_1_268' title='bbox 927 2806 948 2833; x_wconf 77' lang='grc' dir='ltr'>Β</span> <span class='ocrx_word' id='word_1_269' title='bbox 968 2806 999 2833; x_wconf 87' lang='lat' dir='ltr'><strong>in</strong></span> <span class='ocrx_word' id='word_1_270' title='bbox 1021 2814 1134 2840; x_wconf 64' lang='lat' dir='ltr'><strong>marg:</strong></span> <span class='ocrx_word' id='word_1_271' title='bbox 1155 2804 1247 2833; x_wconf 80' lang='lat' dir='ltr'><strong>Nota.</strong></span> 
     </span>
    </p>
   </div>
   <div class='ocr_carea' id='block_1_4' title="bbox 287 2889 1464 2932">
    <p class='ocr_par' dir='ltr' id='par_1_7' title="bbox 287 2889 1464 2932">
     <span class='ocr_line' id='line_1_37' title="bbox 287 2889 1464 2932; baseline 0.003 -14"><span class='ocrx_word' id='word_1_272' title='bbox 287 2899 312 2919; x_wconf 88' lang='lat'><strong>1.</strong></span> <span class='ocrx_word' id='word_1_273' title='bbox 339 2890 451 2921; x_wconf 82' lang='lat' dir='ltr'><strong>Serm.</strong></span> <span class='ocrx_word' id='word_1_274' title='bbox 480 2889 612 2920; x_wconf 83' lang='lat' dir='ltr'>CXXIX</span> <span class='ocrx_word' id='word_1_275' title='bbox 642 2890 735 2932; x_wconf 88' lang='lat' dir='ltr'><strong>Opp.</strong></span> <span class='ocrx_word' id='word_1_276' title='bbox 761 2897 846 2923; x_wconf 92' lang='lat' dir='ltr'><strong>tom.</strong></span> <span class='ocrx_word' id='word_1_277' title='bbox 866 2890 907 2922; x_wconf 89' lang='lat' dir='ltr'><strong>V.</strong></span> <span class='ocrx_word' id='word_1_278' title='bbox 934 2889 1011 2922; x_wconf 78' lang='lat'>633.</span> <span class='ocrx_word' id='word_1_279' title='bbox 1111 2889 1163 2921; x_wconf 86' lang='lat'><strong>28.</strong></span> <span class='ocrx_word' id='word_1_280' title='bbox 1190 2890 1213 2923; x_wconf 92' lang='lat' dir='ltr'><strong>I.</strong></span> <span class='ocrx_word' id='word_1_281' title='bbox 1239 2890 1315 2923; x_wconf 83' lang='lat' dir='ltr'><strong>Joh.</strong></span> <span class='ocrx_word' id='word_1_282' title='bbox 1345 2890 1381 2930; x_wconf 82' lang='grc' dir='ltr'><strong>ΙΙ,</strong></span> <span class='ocrx_word' id='word_1_283' title='bbox 1414 2889 1464 2922; x_wconf 83' lang='lat'><strong>18.</strong></span> 
     </span>
    </p>
   </div>
   <div class='ocr_carea' id='block_1_5' title="bbox 1745 260 1819 309">
    <p class='ocr_par' dir='ltr' id='par_1_8' title="bbox 1745 260 1819 309">
     <span class='ocr_line' id='line_1_38' title="bbox 1745 260 1819 309; baseline 0.014 -13"><span class='ocrx_word' id='word_1_284' title='bbox 1745 260 1819 309; x_wconf 91' lang='lat'><strong>187</strong></span> 
     </span>
    </p>
   </div>
   <div class='ocr_carea' id='block_1_6' title="bbox 1569 392 1797 532">
    <p class='ocr_par' dir='ltr' id='par_1_9' title="bbox 1569 392 1797 532">
     <span class='ocr_line' id='line_1_39' title="bbox 1572 392 1797 427; baseline 0.009 -8"><span class='ocrx_word' id='word_1_285' title='bbox 1572 392 1638 419; x_wconf 82' lang='lat' dir='ltr'><strong>The</strong></span> <span class='ocrx_word' id='word_1_286' title='bbox 1659 393 1744 427; x_wconf 72' lang='lat' dir='ltr'><strong>signs</strong></span> <span class='ocrx_word' id='word_1_287' title='bbox 1766 398 1797 421; x_wconf 70' lang='lat' dir='ltr'><strong>ot</strong></span> 
     </span>
     <span class='ocr_line' id='line_1_40' title="bbox 1569 428 1795 456; baseline 0.009 -2"><span class='ocrx_word' id='word_1_288' title='bbox 1569 428 1743 455; x_wconf 80' lang='lat' dir='ltr'><strong>Antichrist</strong></span> <span class='ocrx_word' id='word_1_289' title='bbox 1762 437 1795 456; x_wconf 85' lang='lat' dir='ltr'><strong>as</strong></span> 
     </span>
     <span class='ocr_line' id='line_1_41' title="bbox 1604 463 1772 498; baseline 0.006 -9"><span class='ocrx_word' id='word_1_290' title='bbox 1604 463 1712 498; x_wconf 80' lang='lat' dir='ltr'><strong>taught</strong></span> <span class='ocrx_word' id='word_1_291' title='bbox 1734 464 1772 498; x_wconf 84' lang='lat' dir='ltr'><strong>by</strong></span> 
     </span>
     <span class='ocr_line' id='line_1_42' title="bbox 1594 499 1777 532; baseline 0.005 -8"><span class='ocrx_word' id='word_1_292' title='bbox 1594 499 1777 532; x_wconf 77' lang='lat' dir='ltr'><strong>Augustine.</strong></span> 
     </span>
    </p>
   </div>
  </div>
 </body>
</html>
