2078 3338
271 266 353 303 266

313 928 416 962 True;
439 929 491 955 but

302 964 385 991 what
404 966 430 991 is
450 964 501 991 the

999 270 1223 303 JOHANNIS
1250 269 1436 301 WYCLlF
1697 258 1804 309 [CAP.
1824 267 1875 294 XI.

559 375 716 415 XXX
761 380 809 415 et
849 374 1051 414 Levitici
1081 373 1214 424 VIII,
1258 373 1404 413 multo
1448 372 1599 425 magis
1641 372 1787 427 igitur
1828 371 1876 412 in

559 456 687 483 novo
719 448 1019 492 testamento,
1065 442 1147 482 ubi
1184 443 1330 483 debet
1369 454 1476 482 esse
1511 441 1559 481 in
1590 440 1876 494 perfecciori

561 512 725 552 ordine
757 511 905 551 maior
937 511 1198 552 distinccio.

616 580 707 620 Hic
752 580 923 621 dicitur
966 580 1095 633 quod
1137 580 1287 633 prima
1319 578 1563 619 conclusio
1604 584 1677 619 est
1710 591 1875 618 conce-

559 650 725 692 denda.
750 648 903 690 Omne
938 648 1062 689 enim
1086 649 1214 702 quod
1233 648 1321 689 erit
1336 648 1670 700 contingenter
1685 653 1910 701 oportet5

560 732 665 760 esse
698 718 988 759 necessitate
1022 731 1083 757 ex
1116 716 1471 770 supposicione,
1505 730 1610 757 cum
1630 716 1763 756 Deus
1793 729 1876 756 ne-

559 787 765 828 cessario
811 787 1084 827 eternaliter
1126 787 1280 827 noscit
1322 786 1438 826 illud
1482 791 1529 825 et
1573 785 1759 826 ordinat
1800 786 1878 825 vel

557 856 712 910 ipsum
744 857 822 896 vel
854 857 914 896 de
946 855 1053 909 ipso
1086 856 1272 897 bonum.

615 925 712 967 Sed
756 938 844 979 pro
888 925 1083 965 materia
1123 924 1391 978 argumenti
1440 924 1698 964 notandum
1750 924 1878 976 quod

274 999 367 1026 Osder
386 999 451 1026 that
472 998 541 1026 <3001
556 996 724 1050 aliquis
766 995 1068 1049 pretenditur
1113 1008 1219 1036 esse
1265 995 1397 1044 ordo⁷
1448 993 1496 1034 in
1540 1006 1633 1047 quo
1678 998 1879 1046 propter
1899 1009 1936 1029 10

286 1034 341 1061 has
362 1034 523 1062 ordained.

558 1065 798 1106 defectum
843 1065 1020 1105 ordinis
1063 1065 1206 1104 homo
1250 1068 1421 1117 peccat
1465 1068 1513 1103 et
1555 1062 1722 1116 aliquis
1761 1062 1877 1102 ordo

558 1140 643 1184 est,
674 1135 798 1175 circa
819 1147 958 1188 quem
980 1139 1184 1187 propter
1206 1133 1445 1173 defectum
1467 1131 1877 1185 preponderancie

555 1205 696 1244 homo
721 1208 904 1256 peccat.
937 1202 1246 1243 Pretenditur
1275 1207 1433 1242 autem
1457 1214 1562 1242 esse
1586 1200 1718 1250 ordo,
1751 1200 1880 1253 quod

556 1286 682 1327 papa
714 1273 774 1314 sit
805 1273 980 1313 mundo
1015 1271 1284 1321 ditissimus,
1324 1276 1372 1310 et
1403 1276 1561 1310 tamen
1599 1275 1673 1311 est
1702 1270 1879 1310 abusus

558 1342 734 1383 ordinis
765 1341 1127 1390 abiectissimus,
1173 1354 1276 1381 cum
1311 1339 1525 1381 Christus
1564 1339 1696 1380 cuius
1729 1337 1881 1378 ordini
1901 1343 1936 1375 15

558 1410 852 1452 strictissime
897 1410 1139 1462 obligatur
1181 1409 1270 1449 fuit
1312 1409 1488 1449 mundo
1526 1407 1875 1461 pauperrimus;

560 1485 725 1533 potest
756 1485 912 1519 tamen
944 1479 1082 1519 titulo
1114 1478 1372 1519 elemosine
1404 1477 1624 1531 accipere
1656 1476 1878 1517 benedic-

558 1549 741 1589 cionem
774 1550 831 1588 ab
864 1548 1068 1597 homine,
1102 1548 1169 1589 sic
1202 1548 1331 1601 quod
1362 1560 1452 1587 nec
1475 1547 1536 1588 sit
1558 1545 1731 1586 exinde
1753 1544 1879 1586 fastu

559 1619 636 1658 vel
668 1617 871 1658 avaricia
908 1622 1164 1671 soporatus
1201 1630 1290 1657 nec
1322 1631 1349 1656 a
1378 1616 1538 1669 papali
1576 1614 1733 1655 officio
1771 1615 1878 1667 plus

557 1688 834 1728 abstractus.
871 1686 1014 1739 Quod
1045 1686 1085 1727 si
1118 1685 1451 1726 elemosinacio
1474 1696 1705 1738 perversa
1727 1689 1802 1724 est
1831 1682 1880 1722 in
1895 1697 1938 1720 20

558 1755 946 1806 dominacionem,
979 1760 1142 1796 sancta
1171 1754 1442 1808 predicacio
1469 1753 1519 1794 in
1538 1752 1634 1794 litis
1656 1751 1879 1794 secularis

560 1825 887 1866 defensionem
927 1830 974 1865 et
1007 1824 1201 1865 affeccio
1234 1823 1489 1877 spiritualis
1520 1823 1638 1863 lucri
1676 1821 1879 1862 ecclesie

555 1894 602 1935 in
646 1893 947 1935 mundialium
992 1892 1312 1943 affeccionem,
1363 1898 1476 1933 tunc
1516 1897 1590 1933 est
1631 1892 1773 1944 plena
1802 1892 1878 1930 ab·

555 1963 819 2004 hominacio
855 1962 1171 2004 desolacionis
1203 1962 1322 2004 Dan.
1350 1961 1427 2002 IX
1449 1966 1497 2002 et
1517 1961 1682 2001 Matth.
1703 1959 1880 2000 XXIV

558 2033 774 2087 capitulis
816 2032 1116 2086 prophetata.
1176 2031 1239 2072 Et
1284 2031 1423 2072 talem
1466 2036 1642 2071 vocant
1692 2029 1879 2083 quidam
1896 2036 1935 2068 25

556 2117 730 2156 papam
774 2115 1016 2143 cesareum
1060 2108 1108 2142 et
1152 2101 1289 2142 alium
1322 2099 1614 2142 condicionis
1653 2099 1879 2153 opposite

557 2185 730 2225 papam
763 2171 947 2213 Christi.
990 2170 1131 2211 Unde
1163 2172 1332 2212 beatus
1364 2169 1668 2210 Bernhardus
1699 2170 1760 2209 ad
1789 2168 1878 2208 Eu-

559 2241 751 2296 genium
796 2240 999 2281 destruit
1052 2240 1221 2281 multas
1263 2241 1459 2281 hereses
1501 2239 1638 2280 istius
1668 2238 1877 2287 materie,

557 2325 662 2351 nam
703 2310 752 2350 in
794 2310 888 2350 fine
932 2309 1038 2350 libri
1068 2309 1139 2349 IV
1170 2309 1378 2363 loquitur
1421 2314 1586 2350 contra
1623 2308 1878 2348 dominium

557 2379 761 2420 ecclesie
805 2382 893 2421 sub
937 2379 1026 2419 hiis
1059 2378 1240 2420 verbis:
1277 2377 1544 2420 Consideres
1579 2381 1683 2418 ante
1721 2377 1878 2418 omnia
1894 2382 1936 2414 30

555 2452 763 2489 sanctam
784 2448 1050 2490 Romanam
1072 2449 1318 2498 ecclesiam,
1340 2448 1415 2488 cui
1441 2446 1532 2488 Deo
1555 2450 1715 2487 autore
1729 2458 1877 2499 prees,

629 2606 656 2634 5.
676 2608 706 2634 A
730 2606 761 2634 in
784 2614 899 2641 marg:
924 2605 1075 2633 Concedit
1099 2606 1207 2641 aliqua
1233 2613 1301 2632 essa
1328 2606 1555 2641 contingenter,
1580 2605 1657 2633 alibi
1680 2605 1875 2632 contradicit.

557 2661 586 2689 9.
601 2652 700 2681 Codd.
723 2653 753 2680 in
776 2661 889 2687 marg:
912 2651 999 2680 Ordo
1016 2653 1140 2687 duplex.
1216 2651 1264 2680 23.
1279 2651 1396 2679 Codd.:
1411 2651 1626 2688 affeccionum.
1693 2659 1741 2686 24.
1759 2650 1876 2679 Codd.:

557 2701 588 2727 in
612 2708 727 2735 marg:
757 2700 978 2726 Abhominacio
1000 2699 1218 2727 desolacionis.
1305 2706 1354 2734 27.
1375 2700 1403 2726 A
1423 2699 1454 2726 in
1476 2706 1589 2733 marg:
1615 2698 1818 2725 Bernhardus
1836 2698 1879 2725 ad

559 2746 744 2782 Eugenium.
819 2744 866 2773 30.
890 2745 991 2773 Codd.
1013 2746 1042 2772 in
1065 2753 1179 2780 marg.:
1207 2745 1292 2780 Pape
1310 2744 1506 2772 condiciones
1524 2751 1571 2779 34
1596 2744 1760 2772 secundum
1781 2745 1876 2772 Bern-

559 2793 701 2819 hardum.
776 2791 822 2820 31.
848 2794 1006 2824 sanclanz‚·
1026 2791 1134 2819 codd.:
1156 2791 1284 2818 scilicet.

628 2875 682 2907 30.
709 2876 756 2907 St.
784 2876 951 2907 Bernardi
980 2875 1000 2907 l.
1028 2886 1055 2907 c.
1083 2885 1115 2917 p.
1143 2873 1220 2917 788.
