2078 3338
237 275 258 302 2
271 277 319 314 14
962 276 1185 308 JOHANNIS
1212 275 1398 307 WYCLIF
1663 263 1769 320 [CAP.
1783 274 1835 302 [Χ.

527 386 600 422 est
635 381 772 422 istam
809 379 1169 434 perversionem
1208 393 1396 420 currere
1456 393 1705 434 quousque
1749 382 1838 421 hec

528 451 619 491 duo
660 456 874 504 separata
910 449 1083 490 fuerint
1123 449 1245 489 sicut
1277 449 1325 489 in
1359 449 1560 490 ecclesia
1591 449 1839 503 primitiva.

584 521 645 560 Et
689 525 913 574 quantum
958 520 1015 560 ad
1056 519 1344 572 implicatum
1390 520 1448 559 de
1487 519 1727 560 eleccione
1759 521 1840 560 hu-

525 604 661 630 mana
691 595 826 643 patet
858 603 919 629 ex
952 602 1068 642 sepe
1102 588 1252 638 dictis,
1287 590 1415 642 quod
1448 589 1747 629 confirmatur
1780 603 1841 630 ex

524 660 633 714 lege
655 660 848 713 triplici3
872 658 1021 712 primo
1046 660 1242 698 docetur
1263 658 1484 698 LXXIX
1512 658 1873 699 distinccionez5

527 728 578 770 Sz·
619 731 720 781 quis
757 729 954 781 pecunia
989 729 1056 768 vel
1088 728 1254 780 gracia
1297 728 1502 768 humana
1544 729 1610 768 vel
1646 730 1843 769 tumultu

518 800 742 852 populari
762 800 858 839 sine
880 798 1098 839 canonica
1121 797 1333 837 eleccione
1352 798 1504 848 fuerit
1530 798 1842 848 intronizatus,

526 881 615 909 uon
660 869 933 922 apostolicus
982 869 1061 907 sed
1111 867 1392 919 apostaticus
1440 867 1671 908 habeatur.
1726 866 1842 907 Cum

526 937 669 991 igitur
701 938 761 978 sit
790 937 937 977 maior
966 949 1098 976 error
1117 936 1165 976 in
1190 936 1431 976 eleccione
1456 936 1620 987 activa,
1655 937 1841 990 quando

529 1007 761 1063 eligentes
792 1006 944 1047 coacti
967 1012 1076 1047 sunt
1098 1020 1125 1045 a
1148 1006 1354 1059 dyabolo
1386 1006 1562 1058 eligere
1590 1019 1842 1059 personam
1864 1023 1899 1043 10

529 1091 667 1131 quam
689 1078 822 1118 Deus
845 1077 1084 1130 reprobat,
1119 1076 1249 1128 quod
1270 1077 1430 1128 patule
1454 1082 1587 1129 patet
1610 1089 1671 1115 ex
1695 1089 1841 1129 opere

529 1153 577 1187 et
621 1147 877 1188 omissione
928 1145 1111 1200 papalis
1165 1145 1321 1196 officii,
1374 1146 1520 1186 multo
1571 1145 1720 1199 magis
1766 1148 1843 1186 vel

531 1230 555 1256 a
577 1217 679 1270 pari
702 1217 926 1271 sequitur,
952 1217 1079 1270 quod
1103 1216 1285 1255 electus
1301 1215 1409 1255 talis
1432 1229 1528 1256 non
1555 1216 1843 1269 apostolicus

529 1288 614 1327 sed
658 1287 947 1340 apostaticus
994 1291 1066 1326 est
1110 1285 1367 1326 habendus.
1420 1285 1527 1326 Non
1570 1285 1692 1326 enim
1731 1286 1845 1326 licet

526 1357 792 1397 humanitus
824 1358 1097 1410 reprobare,
1131 1361 1183 1395 ut
1215 1369 1276 1395 ex
1306 1356 1399 1395 fide
1427 1355 1723 1409 supponitur,
1755 1355 1844 1396 nisi
1864 1361 1900 1393 15

528 1432 581 1468 ut
600 1427 734 1467 Deus
770 1441 831 1467 ex
862 1428 972 1480 lege
1006 1440 1089 1467 sua
1111 1425 1326 1466 docuerit
1346 1426 1721 1478 rep1·obandum;
1755 1439 1843 1466 nec

529 1498 656 1537 Valet
686 1498 763 1537 vel
807 1497 965 1537 deficit
1001 1497 1200 1536 humana
1239 1495 1416 1535 eleccio
1450 1495 1539 1536 nisi
1571 1496 1629 1535 de
1669 1501 1843 1549 quanto

531 1567 762 1607 eleccioni
794 1567 951 1607 divine
985 1565 1223 1606 consentit
1254 1565 1329 1605 vel
1362 1565 1612 1618 discrepat.
1642 1565 1718 1605 Ex
1750 1579 1843 1618 quo

530 1642 675 1691 patet,
709 1651 812 1677 cum
845 1642 939 1677 stat
969 1637 1203 1676 electores
1238 1634 1346 1689 cogi
1380 1635 1644 1676 humanitus
1678 1636 1736 1675 ad
1768 1636 1843 1675 eli-

530 1707 737 1761 gendum
782 1712 896 1760 aput
937 1706 1093 1746 Deum
1139 1706 1393 1759 ydoneum.
1439 1706 1568 1758 quod
1607 1705 1730 1745 dicta
1766 1706 1845 1745 lex
1862 1719 1903 1740 20

532 1777 677 1817 debet
718 1776 930 1829 intelligi,
984 1776 1170 1829 quando
1224 1774 1432 1815 militaris
1476 1775 1555 1815 vel
1603 1774 1846 1828 popularis

530 1847 756 1887 tumultus
803 1846 935 1899 cogit
978 1846 1036 1885 ad
1084 1844 1350 1899 eligendum
1394 1844 1659 1895 inhabilem⁷
1704 1858 1846 1898 quare

531 1916 675 1971 igitur
716 1930 826 1966 non,
880 1916 919 1955 si
964 1916 1196 1969 dyabolus
1241 1915 1318 1954 vel
1364 1920 1613 1968 peccatum
1659 1914 1847 1968 collegii

534 1986 792 2026 electorum
826 1992 873 2026 et
896 1984 1163 2025 observatis
1195 1985 1407 2024 humanis
1439 1984 1606 2024 ritibus
1630 1984 1760 2037 cogit
1792 1985 1847 2024 ad

534 2054 803 2108 eligendum
840 2061 933 2095 tam
963 2055 1228 2105 inhabilem,
1269 2068 1390 2108 eque
1429 2068 1523 2094 non
1558 2053 1846 2107 apostolicus
1864 2059 1902 2090 23

533 2126 619 2166 sed
651 2125 940 2179 apostaticus
971 2126 1219 2165 habendus
1254 2126 1350 2164 est?
1384 2124 1485 2164 Nec
1519 2129 1593 2164 est
1623 2123 1846 2177 probacio

531 2195 653 2247 legis
685 2195 883 2236 humane
906 2200 999 2235 tam
1020 2194 1186 2244 valida,
1220 2193 1342 2234 sicut
1364 2193 1599 2234 sensibilis
1621 2193 1847 2246 probacio

535 2265 674 2305 docta
719 2278 780 2304 ex
823 2264 920 2305 vita
962 2262 1214 2317 prepositi;
1250 2262 1254 2317 Ι
1288 2276 1392 2302 nam
1435 2262 1580 2303 maior
1619 2268 1755 2315 capta
1787 2275 1848 2302 ex
1889 2264 1969 2306 214d

532 2335 642 2389 lege
680 2334 872 2374 Domini
905 2339 952 2374 et
982 2333 1133 2373 minor
1173 2338 1310 2386 capta
1349 2334 1404 2372 ad
1437 2345 1627 2373 sensum
1661 2345 1721 2371 ex
1753 2331 1849 2372 vita

533 2403 780 2456 prepositi,
830 2403 1120 2443 concludunt
1162 2401 1359 2451 cercius.
1413 2415 1549 2455 quam
1603 2401 1847 2441 evidencie
1865 2406 1906 2438 30

533 2473 720 2525 palliate
767 2486 827 2513 ex
868 2472 1080 2512 humanis
1131 2472 1331 2525 legibus.
1385 2470 1606 2513 Secundo
1653 2471 1849 2511 docetur

537 2543 701 2583 eadem
739 2542 981 2584 sentencia
1020 2555 1081 2582 ex
1118 2543 1225 2595 lege
1257 2541 1501 2594 Jeronymi
1540 2540 1848 2582 distinccione

254 515 344 543 False
364 515 494 542 election

289 550 395 577 makes
415 558 453 576 an

263 589 411 620 apostate,
432 588 487 612 not

296 619 458 654 apostolic.

608 2759 632 2786 5.
669 2759 769 2787 Codd.
801 2759 831 2786 in
865 2766 978 2793 marg:
1019 2758 1104 2794 Papa
1136 2759 1335 2793 apostaticus.
1463 2757 1489 2784 6,
1525 2757 1639 2786 Codd.:
1678 2756 1726 2784 vel
1755 2758 1847 2784 deest.

538 2813 584 2833 20.
608 2809 699 2841 apum
720 2805 757 2833 ss:
779 2808 876 2840 caput.
952 2813 1000 2839 24.
1023 2804 1140 2832 Codd.:
1162 2804 1296 2832 electori.
1372 2804 1495 2840 29—32.
1520 2804 1589 2839 lege
1607 2819 1642 2822 —
1660 2803 1732 2840 lege
1750 2803 1847 2830 twice.

606 2900 636 2934 6.
665 2901 763 2933 Decr.
793 2900 908 2932 Prima
934 2910 1026 2942 pars,
1053 2900 1129 2932 dist.
1159 2899 1355 2940 LXXVIIII,
1388 2909 1461 2941 cap.
1486 2898 1541 2930 IX.
