2078 3338
203 274 292 300 car.
319 265 400 316 ΧΠ]
604 277 659 306 mc
689 276 966 307 roslfls'rATr:
994 277 1121 309 PAPE.
1723 274 1798 320 381

201 380 379 421 tutibus
414 379 532 421 datis
566 393 590 419 a
622 379 839 425 Domino,
878 381 990 421 licet
1021 386 1177 421 tamen
1210 381 1276 422 eis
1314 382 1381 422 uti
1418 396 1504 435 pro

200 457 430 503 tempore,
464 455 514 489 ut
546 455 678 503 patet
712 450 770 490 de
802 451 1042 503 Apostolo
1076 451 1184 491 Act.
1217 451 1356 493 XXI.

258 520 318 560 Et
361 526 582 573 quantum
626 521 683 559 ad
727 519 812 559 alia
855 520 1119 573 privilegia,
1172 527 1223 561 ut
1270 522 1513 562 licenciam
1549 521 1786 557 Disspfflsssstfflsss

1531 564 1564 583 as
1584 561 1615 583 to
1631 559 1803 586 ordination

198 589 326 629 varie
343 589 610 628 celebrandi
627 589 729 642 disp
738 589 1035 629 ensacionem
1052 603 1153 630 cum
1168 590 1515 643 irregularibus,
1531 599 1580 652 ἐξ
1599 597 1797 664 fflsstffissgglyy

166 658 396 711 §bigamis
430 664 477 699 et
510 658 772 713 coniugatis
807 660 864 699 ad
897 660 1216 700 sacerdocium
1249 661 1326 701 vel
1364 661 1515 701 matri—
1529 662 1803 730 exg‘sssk'32ff10e3x'vffl

197 729 400 768 monium
440 742 542 768 cum
586 728 775 768 infinitis
819 729 1084 769 huiusmodi
1127 730 1406 782 adinventis,
1451 731 1513 771 vi·
1599 733 1732 760 “¹⁴(30d-

198 798 333 837 detur
352 798 492 837 michi
515 798 641 851 quod
658 798 790 838 Deus
810 812 926 851 sepe
951 799 1194 852 dispensat
1210 813 1312 840 cum
1327 801 1513 842 talibus.

80 868 159 903 255¹*
197 866 292 908 Sed
323 868 413 907 hoc
447 881 508 907 ex
539 868 632 907 fide
663 868 797 921 capio
831 869 959 921 quod
985 882 1081 908 non
1109 867 1113 923 l
1141 869 1252 910 licet
1274 883 1399 923 pape
1429 871 1511 910 vel

194 937 369 977 homini
402 936 678 990 dispensare
699 938 746 977 in
770 951 1070 991 quocumque
1095 952 1197 978 cum
1222 939 1391 993 aliquo,
1423 940 1512 980 nisi

145 1006 328 1047 10Deus
369 1007 615 1060 dispenset
651 1013 759 1047 ante
799 1020 854 1047 ea
884 1007 931 1047 in
965 1008 1147 1058 eodem,
1187 1008 1254 1048 sic
1286 1009 1415 1061 quod
1446 1009 1511 1049 vi-

196 1075 345 1115 carius
385 1075 556 1117 Christi
599 1076 876 1130 dispensans
927 1076 974 1116 in
1023 1077 1193 1117 talibus
1239 1084 1311 1118 est
1355 1079 1507 1118 nudus

196 1144 352 1184 divine
385 1145 627 1185 sentencie
658 1147 995 1199 promulgator,
1034 1146 1142 1199 quia
1174 1160 1277 1187 cum
1309 1161 1403 1187 non
1437 1148 1511 1188 de-

194 1215 406 1267 pendent
437 1215 835 1255 sacramentaliter
868 1229 892 1255 a
923 1228 1008 1255 suo
1042 1215 1211 1266 officio,
1244 1230 1340 1257 non
1363 1223 1512 1258 restat

194 1283 284 1323 sibi
314 1284 518 1324 medium
548 1284 852 1338 dispensandi
888 1284 977 1325 nisi
1014 1298 1101 1338 per
1132 1286 1321 1326 modum
1359 1286 1511 1327 meriti

142 1356 177 1388 15
193 1354 270 1393 vel
303 1353 606 1394 discrecionis
634 1354 966 1407 promulgandi
987 1368 1081 1394 non
1105 1368 1211 1396 esse
1239 1355 1511 1408 periculum.

191 1421 331 1462 Unde
374 1423 484 1476 quia
526 1424 647 1464 solet
691 1437 797 1463 esse
839 1423 886 1463 in
929 1437 1052 1477 papa
1094 1424 1242 1465 maior
1285 1425 1509 1467 sanctitas

194 1497 333 1545 atque
373 1492 618 1543 discrecio,
662 1493 771 1533 ideo
811 1494 935 1533 solet
970 1494 1135 1547 laycus
1168 1494 1215 1534 in
1246 1495 1419 1535 talibus
1454 1495 1509 1536 ad

192 1574 363 1615 papam
412 1575 673 1613 recurrere,
727 1568 774 1602 et
824 1563 962 1602 modo
1012 1568 1282 1616 reputatum
1334 1570 1406 1604 est
1459 1570 1510 1605 ut

195 1637 535 1672 sacramentum
565 1632 904 1673 divinissimum
937 1634 1065 1685 quod
1095 1633 1152 1672 ad
1183 1646 1287 1673 eum
1324 1639 1510 1687 spectat

140 1714 179 1735 20
195 1700 495 1755 singulariter
532 1701 622 1742 ista
662 1702 945 1748 concedere;
991 1702 1180 1743 videtur
1219 1702 1340 1743 enim
1385 1704 1509 1756 quod

192 1770 284 1810 ista
315 1770 469 1823 primo
495 1771 799 1820 discerneret,
833 1771 871 1811 si
895 1770 987 1811 sint
1007 1770 1303 1811 racionabilia
1335 1778 1381 1812 et
1415 1772 1507 1812 edi-

192 1839 378 1880 ficativa
422 1840 638 1891 ecclesie,
684 1840 791 1893 quia
834 1846 987 1880 stante
1028 1840 1262 1881 contrario
1301 1855 1397 1882 non
1429 1844 1507 1882 ob-

194 1915 345 1950 stante
363 1923 445 1950 sua
460 1910 785 1960 concessione,
801 1915 892 1949 tam
907 1910 1010 1963 ipse
1028 1923 1163 1963 quam
1178 1910 1507 1965 privilegiatus

192 1979 469 2032 deceptorie
503 1985 574 2019 est
605 1979 651 2019 in
685 1981 832 2033 culpa.
867 1979 1007 2032 Quod
1035 1979 1074 2020 si
1096 1980 1188 2021 sint
1208 1981 1508 2021 racionabilia

136 2054 240 2089 25et
277 2050 576 2100 edificatoria,
616 2050 897 2103 quicumque
934 2050 1306 2104 promulgaverit
1345 2064 1506 2091 eorum
1551 2079 1608 2107 we
1630 2088 1699 2115 may
1720 2081 1759 2107 do

191 2118 447 2170 licenciam,
479 2133 589 2173 ymo
624 2121 724 2159 sola
753 2119 942 2160 racione
975 2125 1198 2160 movente
1227 2125 1299 2160 est
1329 2120 1504 2161 licitum
1563 2115 1745 2177 ωζζξῇζέῗθ

192 2189 448 2228 secundum
478 2189 555 2228 illa
585 2190 862 2242 procedere,
896 2202 1000 2228 cum
1021 2189 1155 2230 Deus
1177 2202 1265 2242 per
1288 2202 1339 2229 se
1368 2188 1506 2230 faciat
1526 2184 1786 2247 xviiiiofiihlfffge'ifie

188 2258 277 2297 hec
309 2258 466 2308 licere,
504 2271 593 2298 nec
624 2264 788 2311 potest
824 2258 1011 2298 fundari
1043 2272 1104 2298 ex
1134 2258 1346 2299 humanis
1369 2259 1504 2299 tradi·
1561 2254 1595 2280 Of
1614 2254 1752 2288 premes·

191 2326 404 2368 cionibus
437 2327 700 2368 adinventis
735 2328 863 2381 quod
896 2333 1088 2382 oportet
1121 2341 1291 2381 capere
1313 2341 1503 2382 genera·

135 2396 295 2437 3oliter
333 2397 399 2438 sic
439 2411 463 2437 a
499 2397 692 2450 prelatis
728 2397 983 2450 licenciam,
1022 2399 1100 2438 vel
1132 2398 1259 2451 quod
1291 2397 1405 2438 licet
1437 2398 1503 2438 eis

190 2467 257 2506 sic
278 2466 611 2520 restringendo
635 2472 924 2520 potestatem
953 2467 1119 2520 populi
1144 2469 1221 2507 vel
1248 2467 1504 2520 presbiteri

187 2535 235 2575 in
272 2537 449 2577 neutris
492 2537 570 2576 vel
611 2536 752 2577 licitis
791 2550 851 2577 ex
887 2537 981 2577 fide
1021 2536 1267 2590 scripture,
1313 2550 1502 2577 servare

189 2605 279 2645 sibi
308 2605 548 2646 licenciam
581 2606 639 2645 ad
669 2607 1024 2659 procedendum
1062 2606 1109 2646 in
1141 2606 1311 2646 talibus
1346 2605 1501 2660 singu-

187 2674 347 2715 lariter
388 2676 465 2716 vel
510 2675 638 2728 quod
683 2676 815 2729 aliter
860 2675 1183 2717 obedienciam
1226 2675 1363 2715 istam
1406 2689 1501 2715 non

134 2750 173 2784 35
189 2744 379 2798 facienS,
404 2745 549 2785 eciam
570 2746 677 2798 plus
694 2759 830 2799 quarn
853 2750 1051 2798 propter
1071 2745 1501 2798 prevaricacionem

190 2814 406 2867 decalogi
448 2815 680 2868 puniatur,
727 2814 834 2867 quia
879 2814 1129 2855 cuiuslibet
1175 2814 1410 2854 christiani
1455 2820 1501 2854 et

190 2883 461 2936 specialiter
496 2884 664 2937 prelati
702 2889 776 2925 est
813 2884 1031 2937 ampliare
1061 2889 1202 2937 atque
1242 2884 1500 2924 defendere
