<?xml version="1.0" encoding="UTF-8"?>
<!DOCTYPE html PUBLIC "-//W3C//DTD XHTML 1.0 Transitional//EN"
    "http://www.w3.org/TR/xhtml1/DTD/xhtml1-transitional.dtd">
<html xmlns="http://www.w3.org/1999/xhtml" xml:lang="en" lang="en">
 <head>
  <title>
</title>
<meta http-equiv="Content-Type" content="text/html;charset=utf-8" />
  <meta name='ocr-system' content='tesseract 3.04.00' />
  <meta name='ocr-capabilities' content='ocr_page ocr_carea ocr_par ocr_line ocrx_word'/>
</head>
<body>
  <div class='ocr_page' id='page_1' title='image "./tractatusdepotes00wycl_0101.png"; bbox 0 0 2078 3338; ppageno 0'>
   <div class='ocr_carea' id='block_1_1' title="bbox 195 256 1116 312">
    <p class='ocr_par' dir='ltr' id='par_1_1' title="bbox 195 256 1116 312">
     <span class='ocr_line' id='line_1_1' title="bbox 195 256 1116 312; baseline 0.005 -14"><span class='ocrx_word' id='word_1_1' title='bbox 195 267 284 296; x_wconf 72' lang='lat' dir='ltr'>CAP.</span> <span class='ocrx_word' id='word_1_2' title='bbox 304 256 359 312; x_wconf 67' lang='lat' dir='ltr'>IL]</span> <span class='ocrx_word' id='word_1_3' title='bbox 592 270 650 301; x_wconf 82' lang='lat' dir='ltr'>DE</span> <span class='ocrx_word' id='word_1_4' title='bbox 679 270 959 303; x_wconf 79' lang='lat' dir='ltr'>POTESTATE</span> <span class='ocrx_word' id='word_1_5' title='bbox 988 271 1116 303; x_wconf 78' lang='lat' dir='ltr'><strong>PAPE.</strong></span> 
     </span>
    </p>
   </div>
   <div class='ocr_carea' id='block_1_2' title="bbox 69 373 1517 2662">
    <p class='ocr_par' dir='ltr' id='par_1_2' title="bbox 69 373 1517 2662">
     <span class='ocr_line' id='line_1_2' title="bbox 195 373 1515 429; baseline 0.003 -15"><span class='ocrx_word' id='word_1_6' title='bbox 195 375 365 428; x_wconf 88' lang='lat' dir='ltr'>quibus</span> <span class='ocrx_word' id='word_1_7' title='bbox 411 373 775 414; x_wconf 78' lang='lat' dir='ltr'>communicabit</span> <span class='ocrx_word' id='word_1_8' title='bbox 820 389 925 415; x_wconf 92' lang='lat' dir='ltr'>cum</span> <span class='ocrx_word' id='word_1_9' title='bbox 968 375 1183 425; x_wconf 78' lang='lat' dir='ltr'>subditis,</span> <span class='ocrx_word' id='word_1_10' title='bbox 1230 376 1338 429; x_wconf 92' lang='lat' dir='ltr'>quia</span> <span class='ocrx_word' id='word_1_11' title='bbox 1382 377 1515 418; x_wconf 89' lang='lat' dir='ltr'>aliter</span> 
     </span>
     <span class='ocr_line' id='line_1_3' title="bbox 192 444 1513 492; baseline 0.002 -7"><span class='ocrx_word' id='word_1_12' title='bbox 192 444 318 485; x_wconf 86' lang='lat' dir='ltr'>foret</span> <span class='ocrx_word' id='word_1_13' title='bbox 360 444 426 485; x_wconf 91' lang='lat' dir='ltr'>eis</span> <span class='ocrx_word' id='word_1_14' title='bbox 471 446 710 486; x_wconf 87' lang='lat' dir='ltr'>barbarus.</span> <span class='ocrx_word' id='word_1_15' title='bbox 762 445 864 485; x_wconf 90' lang='lat' dir='ltr'>Nec</span> <span class='ocrx_word' id='word_1_16' title='bbox 909 446 997 485; x_wconf 87' lang='lat' dir='ltr'>hoc</span> <span class='ocrx_word' id='word_1_17' title='bbox 1042 445 1227 492; x_wconf 87' lang='lat' dir='ltr'>sufficit,</span> <span class='ocrx_word' id='word_1_18' title='bbox 1274 460 1379 486; x_wconf 90' lang='lat' dir='ltr'>cum</span> <span class='ocrx_word' id='word_1_19' title='bbox 1414 448 1513 488; x_wconf 87' lang='lat' dir='ltr'>avis</span> 
     </span>
     <span class='ocr_line' id='line_1_4' title="bbox 193 514 1514 569; baseline 0.003 -15"><span class='ocrx_word' id='word_1_20' title='bbox 193 520 361 568; x_wconf 87' lang='lat' dir='ltr'>posset</span> <span class='ocrx_word' id='word_1_21' title='bbox 377 527 525 555; x_wconf 87' lang='lat' dir='ltr'>Voces</span> <span class='ocrx_word' id='word_1_22' title='bbox 547 514 763 568; x_wconf 84' lang='lat' dir='ltr'>formare,</span> <span class='ocrx_word' id='word_1_23' title='bbox 785 515 896 556; x_wconf 90' lang='lat' dir='ltr'>ideo</span> <span class='ocrx_word' id='word_1_24' title='bbox 917 515 1173 569; x_wconf 81' lang='lat' dir='ltr'>requiritur</span> <span class='ocrx_word' id='word_1_25' title='bbox 1189 516 1352 557; x_wconf 90' lang='lat' dir='ltr'>ultimo</span> <span class='ocrx_word' id='word_1_26' title='bbox 1375 517 1514 558; x_wconf 89' lang='lat' dir='ltr'>inter-</span> 
     </span>
     <span class='ocr_line' id='line_1_5' title="bbox 191 584 1515 638; baseline 0.002 -14"><span class='ocrx_word' id='word_1_27' title='bbox 191 584 404 638; x_wconf 88' lang='lat' dir='ltr'>pretacio</span> <span class='ocrx_word' id='word_1_28' title='bbox 459 598 742 638; x_wconf 78' lang='lat' dir='ltr'>sermonum,</span> <span class='ocrx_word' id='word_1_29' title='bbox 795 599 900 625; x_wconf 89' lang='lat' dir='ltr'>nam</span> <span class='ocrx_word' id='word_1_30' title='bbox 946 586 1056 626; x_wconf 86' lang='lat' dir='ltr'>viva</span> <span class='ocrx_word' id='word_1_31' title='bbox 1106 599 1206 626; x_wconf 81' lang='lat' dir='ltr'>vox</span> <span class='ocrx_word' id='word_1_32' title='bbox 1255 587 1402 627; x_wconf 88' lang='lat' dir='ltr'>habet</span> <span class='ocrx_word' id='word_1_33' title='bbox 1454 601 1515 627; x_wconf 78' lang='lat' dir='ltr'>ex</span> 
     </span>
     <span class='ocr_line' id='line_1_6' title="bbox 160 654 1456 709; baseline 0.004 -18"><span class='ocrx_word' id='word_1_34' title='bbox 160 654 541 707; x_wconf 68' lang='lat' dir='ltr'>§cooperacione</span> <span class='ocrx_word' id='word_1_35' title='bbox 574 654 767 707; x_wconf 86' lang='lat' dir='ltr'>spiritus</span> <span class='ocrx_word' id='word_1_36' title='bbox 800 655 996 696; x_wconf 90' lang='lat' dir='ltr'>multum</span> <span class='ocrx_word' id='word_1_37' title='bbox 1027 655 1216 696; x_wconf 88' lang='lat' dir='ltr'>latentis</span> <span class='ocrx_word' id='word_1_38' title='bbox 1251 656 1456 709; x_wconf 83' lang='lat' dir='ltr'>energie.</span> 
     </span>
     <span class='ocr_line' id='line_1_7' title="bbox 248 724 1517 778; baseline 0.003 -15"><span class='ocrx_word' id='word_1_39' title='bbox 248 724 310 764; x_wconf 91' lang='lat' dir='ltr'>Et</span> <span class='ocrx_word' id='word_1_40' title='bbox 353 728 574 776; x_wconf 87' lang='lat' dir='ltr'>aptantur</span> <span class='ocrx_word' id='word_1_41' title='bbox 615 724 705 764; x_wconf 90' lang='lat' dir='ltr'>hec</span> <span class='ocrx_word' id='word_1_42' title='bbox 750 737 925 764; x_wconf 83' lang='lat' dir='ltr'>novem</span> <span class='ocrx_word' id='word_1_43' title='bbox 973 725 1096 764; x_wconf 90' lang='lat' dir='ltr'>dona</span> <span class='ocrx_word' id='word_1_44' title='bbox 1148 724 1406 778; x_wconf 78' lang='lat' dir='ltr'>spiritualia</span> <span class='ocrx_word' id='word_1_45' title='bbox 1457 726 1517 768; x_wconf 89' lang='lat' dir='ltr'>ad</span> 
     </span>
     <span class='ocr_line' id='line_1_8' title="bbox 190 793 1514 849; baseline 0.002 -16"><span class='ocrx_word' id='word_1_46' title='bbox 190 794 399 833; x_wconf 90' lang='lat' dir='ltr'>membra</span> <span class='ocrx_word' id='word_1_47' title='bbox 419 793 609 833; x_wconf 89' lang='lat' dir='ltr'>humani</span> <span class='ocrx_word' id='word_1_48' title='bbox 632 793 861 847; x_wconf 90' lang='lat' dir='ltr'>corporis,</span> <span class='ocrx_word' id='word_1_49' title='bbox 885 793 950 834; x_wconf 89' lang='lat' dir='ltr'>ita</span> <span class='ocrx_word' id='word_1_50' title='bbox 972 795 1101 847; x_wconf 92' lang='lat' dir='ltr'>quod</span> <span class='ocrx_word' id='word_1_51' title='bbox 1124 794 1340 835; x_wconf 81' lang='lat' dir='ltr'>trinarius</span> <span class='ocrx_word' id='word_1_52' title='bbox 1364 795 1514 849; x_wconf 88' lang='lat' dir='ltr'>prime</span> 
     </span>
     <span class='ocr_line' id='line_1_9' title="bbox 189 862 1517 917; baseline 0.002 -15"><span class='ocrx_word' id='word_1_53' title='bbox 189 862 434 917; x_wconf 88' lang='lat' dir='ltr'>yerarchie</span> <span class='ocrx_word' id='word_1_54' title='bbox 485 863 863 916; x_wconf 79' lang='lat' dir='ltr'>correspondeat</span> <span class='ocrx_word' id='word_1_55' title='bbox 907 864 1119 917; x_wconf 87' lang='lat' dir='ltr'>cerebro,</span> <span class='ocrx_word' id='word_1_56' title='bbox 1169 864 1217 903; x_wconf 92' lang='lat' dir='ltr'>in</span> <span class='ocrx_word' id='word_1_57' title='bbox 1262 877 1356 917; x_wconf 93' lang='lat' dir='ltr'>quo</span> <span class='ocrx_word' id='word_1_58' title='bbox 1406 871 1517 906; x_wconf 89' lang='lat' dir='ltr'>sunt</span> 
     </span>
     <span class='ocr_line' id='line_1_10' title="bbox 189 932 1514 987; baseline 0.001 -14"><span class='ocrx_word' id='word_1_59' title='bbox 189 938 287 973; x_wconf 89' lang='lat' dir='ltr'>tres</span> <span class='ocrx_word' id='word_1_60' title='bbox 310 932 563 973; x_wconf 84' lang='lat' dir='ltr'>ventriculi</span> <span class='ocrx_word' id='word_1_61' title='bbox 584 945 697 972; x_wconf 86' lang='lat' dir='ltr'>vasa</span> <span class='ocrx_word' id='word_1_62' title='bbox 717 932 982 974; x_wconf 87' lang='lat' dir='ltr'>lucidorum</span> <span class='ocrx_word' id='word_1_63' title='bbox 1011 932 1271 986; x_wconf 87' lang='lat' dir='ltr'>spirituum,</span> <span class='ocrx_word' id='word_1_64' title='bbox 1306 939 1353 974; x_wconf 90' lang='lat' dir='ltr'>et</span> <span class='ocrx_word' id='word_1_65' title='bbox 1385 934 1514 987; x_wconf 91' lang='lat' dir='ltr'>quin-</span> 
     </span>
     <span class='ocr_line' id='line_1_11' title="bbox 136 1001 1516 1056; baseline 0.002 -15"><span class='ocrx_word' id='word_1_66' title='bbox 136 1017 175 1038; x_wconf 89' lang='lat'>10</span> <span class='ocrx_word' id='word_1_67' title='bbox 190 1016 282 1055; x_wconf 91' lang='lat' dir='ltr'>que</span> <span class='ocrx_word' id='word_1_68' title='bbox 314 1015 537 1042; x_wconf 89' lang='lat' dir='ltr'>sensuum</span> <span class='ocrx_word' id='word_1_69' title='bbox 566 1001 854 1053; x_wconf 87' lang='lat' dir='ltr'>interiorum,</span> <span class='ocrx_word' id='word_1_70' title='bbox 888 1002 1060 1055; x_wconf 90' lang='lat' dir='ltr'>quibus</span> <span class='ocrx_word' id='word_1_71' title='bbox 1084 1002 1336 1056; x_wconf 79' lang='lat' dir='ltr'>sapiencia,</span> <span class='ocrx_word' id='word_1_72' title='bbox 1368 1003 1417 1043; x_wconf 94' lang='lat' dir='ltr'>id</span> <span class='ocrx_word' id='word_1_73' title='bbox 1441 1009 1516 1045; x_wconf 89' lang='lat' dir='ltr'>est</span> 
     </span>
     <span class='ocr_line' id='line_1_12' title="bbox 188 1071 1513 1127; baseline 0.002 -16"><span class='ocrx_word' id='word_1_74' title='bbox 188 1071 282 1111; x_wconf 83' lang='lat' dir='ltr'>Dei</span> <span class='ocrx_word' id='word_1_75' title='bbox 313 1071 503 1124; x_wconf 88' lang='lat' dir='ltr'>noticia,</span> <span class='ocrx_word' id='word_1_76' title='bbox 549 1077 784 1124; x_wconf 87' lang='lat' dir='ltr'>tamquam</span> <span class='ocrx_word' id='word_1_77' title='bbox 817 1072 889 1111; x_wconf 88' lang='lat' dir='ltr'>sol</span> <span class='ocrx_word' id='word_1_78' title='bbox 920 1072 999 1111; x_wconf 83' lang='lat' dir='ltr'>vel</span> <span class='ocrx_word' id='word_1_79' title='bbox 1033 1071 1134 1111; x_wconf 91' lang='lat' dir='ltr'>dies</span> <span class='ocrx_word' id='word_1_80' title='bbox 1168 1072 1226 1112; x_wconf 89' lang='lat' dir='ltr'>ad</span> <span class='ocrx_word' id='word_1_81' title='bbox 1257 1071 1378 1113; x_wconf 88' lang='lat' dir='ltr'>intra</span> <span class='ocrx_word' id='word_1_82' title='bbox 1408 1087 1513 1127; x_wconf 88' lang='lat' dir='ltr'>per-</span> 
     </span>
     <span class='ocr_line' id='line_1_13' title="bbox 190 1140 1514 1195; baseline 0.003 -14"><span class='ocrx_word' id='word_1_83' title='bbox 190 1141 372 1194; x_wconf 88' lang='lat' dir='ltr'>cipitur.</span> <span class='ocrx_word' id='word_1_84' title='bbox 406 1140 505 1182; x_wconf 88' lang='lat' dir='ltr'>Sed</span> <span class='ocrx_word' id='word_1_85' title='bbox 527 1154 704 1194; x_wconf 81' lang='lat' dir='ltr'>organa</span> <span class='ocrx_word' id='word_1_86' title='bbox 727 1141 936 1194; x_wconf 89' lang='lat' dir='ltr'>quinque</span> <span class='ocrx_word' id='word_1_87' title='bbox 959 1141 1207 1195; x_wconf 87' lang='lat' dir='ltr'>spirituum</span> <span class='ocrx_word' id='word_1_88' title='bbox 1235 1142 1514 1185; x_wconf 90' lang='lat' dir='ltr'>situatorum</span> 
     </span>
     <span class='ocr_line' id='line_1_14' title="bbox 186 1209 1514 1264; baseline 0.003 -14"><span class='ocrx_word' id='word_1_89' title='bbox 186 1209 233 1250; x_wconf 88' lang='lat' dir='ltr'>in</span> <span class='ocrx_word' id='word_1_90' title='bbox 279 1210 432 1264; x_wconf 86' lang='lat' dir='ltr'>capite</span> <span class='ocrx_word' id='word_1_91' title='bbox 475 1211 680 1263; x_wconf 86' lang='lat' dir='ltr'>figurant</span> <span class='ocrx_word' id='word_1_92' title='bbox 723 1211 983 1250; x_wconf 90' lang='lat' dir='ltr'>secundum</span> <span class='ocrx_word' id='word_1_93' title='bbox 1028 1210 1244 1264; x_wconf 90' lang='lat' dir='ltr'>spiritum</span> <span class='ocrx_word' id='word_1_94' title='bbox 1276 1212 1514 1254; x_wconf 90' lang='lat' dir='ltr'>dicentem</span> 
     </span>
     <span class='ocr_line' id='line_1_15' title="bbox 188 1279 1515 1335; baseline 0.003 -15"><span class='ocrx_word' id='word_1_95' title='bbox 188 1279 440 1321; x_wconf 87' lang='lat' dir='ltr'>scienciam</span> <span class='ocrx_word' id='word_1_96' title='bbox 484 1280 835 1333; x_wconf 90' lang='lat' dir='ltr'>mundanorum,</span> <span class='ocrx_word' id='word_1_97' title='bbox 881 1281 1052 1321; x_wconf 93' lang='lat' dir='ltr'>collum</span> <span class='ocrx_word' id='word_1_98' title='bbox 1097 1294 1213 1321; x_wconf 86' lang='lat' dir='ltr'>vero</span> <span class='ocrx_word' id='word_1_99' title='bbox 1266 1282 1398 1335; x_wconf 88' lang='lat' dir='ltr'>quod</span> <span class='ocrx_word' id='word_1_100' title='bbox 1442 1288 1515 1325; x_wconf 86' lang='lat' dir='ltr'>est</span> 
     </span>
     <span class='ocr_line' id='line_1_16' title="bbox 134 1350 1507 1404; baseline 0.003 -16"><span class='ocrx_word' id='word_1_101' title='bbox 134 1355 170 1388; x_wconf 82' lang='lat'>15</span> <span class='ocrx_word' id='word_1_102' title='bbox 187 1362 422 1403; x_wconf 81' lang='lat' dir='ltr'>organum</span> <span class='ocrx_word' id='word_1_103' title='bbox 437 1350 730 1390; x_wconf 84' lang='lat' dir='ltr'>vociferandi</span> <span class='ocrx_word' id='word_1_104' title='bbox 753 1350 911 1404; x_wconf 83' lang='lat' dir='ltr'>signat</span> <span class='ocrx_word' id='word_1_105' title='bbox 927 1351 1100 1391; x_wconf 91' lang='lat' dir='ltr'>donum</span> <span class='ocrx_word' id='word_1_106' title='bbox 1121 1351 1234 1391; x_wconf 85' lang='lat' dir='ltr'>fidei</span> <span class='ocrx_word' id='word_1_107' title='bbox 1257 1364 1320 1391; x_wconf 83' lang='lat' dir='ltr'>ex</span> <span class='ocrx_word' id='word_1_108' title='bbox 1335 1352 1507 1404; x_wconf 89' lang='lat' dir='ltr'>auditu,</span> 
     </span>
     <span class='ocr_line' id='line_1_17' title="bbox 186 1420 1515 1475; baseline 0.002 -15"><span class='ocrx_word' id='word_1_109' title='bbox 186 1421 272 1461; x_wconf 88' lang='lat' dir='ltr'>sed</span> <span class='ocrx_word' id='word_1_110' title='bbox 313 1420 361 1460; x_wconf 92' lang='lat' dir='ltr'>in</span> <span class='ocrx_word' id='word_1_111' title='bbox 402 1420 601 1474; x_wconf 84' lang='lat' dir='ltr'>regione</span> <span class='ocrx_word' id='word_1_112' title='bbox 645 1420 957 1475; x_wconf 85' lang='lat' dir='ltr'>pectoralium</span> <span class='ocrx_word' id='word_1_113' title='bbox 1001 1434 1099 1473; x_wconf 90' lang='lat' dir='ltr'>cor,</span> <span class='ocrx_word' id='word_1_114' title='bbox 1146 1422 1413 1462; x_wconf 89' lang='lat' dir='ltr'>stomachus</span> <span class='ocrx_word' id='word_1_115' title='bbox 1466 1428 1515 1463; x_wconf 88' lang='lat' dir='ltr'>et</span> 
     </span>
     <span class='ocr_line' id='line_1_18' title="bbox 185 1490 1511 1544; baseline 0.002 -14"><span class='ocrx_word' id='word_1_116' title='bbox 185 1490 345 1544; x_wconf 92' lang='lat' dir='ltr'>pulmo</span> <span class='ocrx_word' id='word_1_117' title='bbox 400 1504 462 1531; x_wconf 79' lang='lat' dir='ltr'>ex</span> <span class='ocrx_word' id='word_1_118' title='bbox 511 1490 806 1544; x_wconf 86' lang='lat' dir='ltr'>proprietate</span> <span class='ocrx_word' id='word_1_119' title='bbox 861 1492 1242 1544; x_wconf 86' lang='lat' dir='ltr'>correspondent</span> <span class='ocrx_word' id='word_1_120' title='bbox 1299 1492 1511 1532; x_wconf 88' lang='lat' dir='ltr'>secundo</span> 
     </span>
     <span class='ocr_line' id='line_1_19' title="bbox 185 1560 1514 1615; baseline 0 -13"><span class='ocrx_word' id='word_1_121' title='bbox 185 1560 391 1603; x_wconf 81' lang='lat' dir='ltr'>trinario,</span> <span class='ocrx_word' id='word_1_122' title='bbox 450 1560 505 1601; x_wconf 91' lang='lat' dir='ltr'>In</span> <span class='ocrx_word' id='word_1_123' title='bbox 548 1560 748 1615; x_wconf 84' lang='lat' dir='ltr'>regione</span> <span class='ocrx_word' id='word_1_124' title='bbox 780 1575 895 1602; x_wconf 85' lang='lat' dir='ltr'>vero</span> <span class='ocrx_word' id='word_1_125' title='bbox 926 1561 1260 1602; x_wconf 88' lang='lat' dir='ltr'>nutritivorum</span> <span class='ocrx_word' id='word_1_126' title='bbox 1293 1562 1432 1615; x_wconf 90' lang='lat' dir='ltr'>splen</span> <span class='ocrx_word' id='word_1_127' title='bbox 1465 1567 1514 1602; x_wconf 89' lang='lat' dir='ltr'>et</span> 
     </span>
     <span class='ocr_line' id='line_1_20' title="bbox 184 1630 1511 1685; baseline 0.002 -15"><span class='ocrx_word' id='word_1_128' title='bbox 184 1630 408 1671; x_wconf 91' lang='lat' dir='ltr'>intestina</span> <span class='ocrx_word' id='word_1_129' title='bbox 458 1632 838 1685; x_wconf 87' lang='lat' dir='ltr'>correspondent</span> <span class='ocrx_word' id='word_1_130' title='bbox 889 1631 1036 1672; x_wconf 89' lang='lat' dir='ltr'>tercie</span> <span class='ocrx_word' id='word_1_131' title='bbox 1088 1631 1348 1685; x_wconf 86' lang='lat' dir='ltr'>yerarchie,</span> <span class='ocrx_word' id='word_1_132' title='bbox 1400 1645 1511 1685; x_wconf 89' lang='lat' dir='ltr'>ymo</span> 
     </span>
     <span class='ocr_line' id='line_1_21' title="bbox 128 1700 1512 1754; baseline 0.001 -14"><span class='ocrx_word' id='word_1_133' title='bbox 128 1712 170 1735; x_wconf 90' lang='lat'>20</span> <span class='ocrx_word' id='word_1_134' title='bbox 185 1700 307 1741; x_wconf 87' lang='lat' dir='ltr'>sicut</span> <span class='ocrx_word' id='word_1_135' title='bbox 345 1700 616 1754; x_wconf 87' lang='lat' dir='ltr'>Apostolus</span> <span class='ocrx_word' id='word_1_136' title='bbox 655 1701 817 1754; x_wconf 76' lang='lat' dir='ltr'>factus</span> <span class='ocrx_word' id='word_1_137' title='bbox 860 1705 923 1742; x_wconf 72' lang='lat' dir='ltr'>est</span> <span class='ocrx_word' id='word_1_138' title='bbox 974 1703 1134 1742; x_wconf 75' lang='lat' dir='ltr'>omnia</span> <span class='ocrx_word' id='word_1_139' title='bbox 1186 1702 1407 1752; x_wconf 77' lang='lat' dir='ltr'>omnibus,</span> <span class='ocrx_word' id='word_1_140' title='bbox 1460 1707 1512 1742; x_wconf 92' lang='lat' dir='ltr'>ut</span> 
     </span>
     <span class='ocr_line' id='line_1_22' title="bbox 187 1770 1512 1825; baseline 0 -14"><span class='ocrx_word' id='word_1_141' title='bbox 187 1770 341 1811; x_wconf 91' lang='lat' dir='ltr'>omnia</span> <span class='ocrx_word' id='word_1_142' title='bbox 361 1770 676 1824; x_wconf 88' lang='lat' dir='ltr'>lucrifaceret,</span> <span class='ocrx_word' id='word_1_143' title='bbox 707 1770 774 1811; x_wconf 92' lang='lat' dir='ltr'>sic</span> <span class='ocrx_word' id='word_1_144' title='bbox 796 1784 892 1811; x_wconf 90' lang='lat' dir='ltr'>non</span> <span class='ocrx_word' id='word_1_145' title='bbox 917 1776 991 1811; x_wconf 89' lang='lat' dir='ltr'>est</span> <span class='ocrx_word' id='word_1_146' title='bbox 1011 1772 1272 1811; x_wconf 87' lang='lat' dir='ltr'>membrum</span> <span class='ocrx_word' id='word_1_147' title='bbox 1296 1770 1512 1825; x_wconf 90' lang='lat' dir='ltr'>ecclesie,</span> 
     </span>
     <span class='ocr_line' id='line_1_23' title="bbox 186 1840 1509 1895; baseline 0.002 -15"><span class='ocrx_word' id='word_1_148' title='bbox 186 1840 300 1894; x_wconf 90' lang='lat' dir='ltr'>quin</span> <span class='ocrx_word' id='word_1_149' title='bbox 343 1840 640 1894; x_wconf 87' lang='lat' dir='ltr'>pertinenter</span> <span class='ocrx_word' id='word_1_150' title='bbox 683 1840 840 1895; x_wconf 89' lang='lat' dir='ltr'>possit</span> <span class='ocrx_word' id='word_1_151' title='bbox 874 1840 1138 1894; x_wconf 88' lang='lat' dir='ltr'>cuicunque</span> <span class='ocrx_word' id='word_1_152' title='bbox 1170 1842 1380 1882; x_wconf 90' lang='lat' dir='ltr'>membro</span> <span class='ocrx_word' id='word_1_153' title='bbox 1413 1855 1509 1882; x_wconf 87' lang='lat' dir='ltr'>cor-</span> 
     </span>
     <span class='ocr_line' id='line_1_24' title="bbox 184 1910 613 1964; baseline 0.002 -14"><span class='ocrx_word' id='word_1_154' title='bbox 184 1910 316 1964; x_wconf 91' lang='lat' dir='ltr'>poris</span> <span class='ocrx_word' id='word_1_155' title='bbox 351 1910 613 1964; x_wconf 90' lang='lat' dir='ltr'>cooperari.</span> 
     </span>
     <span class='ocr_line' id='line_1_25' title="bbox 242 1979 1509 2034; baseline 0.002 -15"><span class='ocrx_word' id='word_1_156' title='bbox 242 1979 440 2033; x_wconf 79' lang='lat' dir='ltr'>Triplex</span> <span class='ocrx_word' id='word_1_157' title='bbox 482 1985 641 2020; x_wconf 88' lang='lat' dir='ltr'>tamen</span> <span class='ocrx_word' id='word_1_158' title='bbox 685 1979 1028 2021; x_wconf 85' lang='lat' dir='ltr'>conveniencia</span> <span class='ocrx_word' id='word_1_159' title='bbox 1072 1986 1119 2020; x_wconf 90' lang='lat' dir='ltr'>et</span> <span class='ocrx_word' id='word_1_160' title='bbox 1161 1980 1341 2034; x_wconf 78' lang='lat' dir='ltr'>triplex</span> <span class='ocrx_word' id='word_1_161' title='bbox 1379 1980 1509 2021; x_wconf 84' lang='lat' dir='ltr'>diffe-</span> 
     </span>
     <span class='ocr_line' id='line_1_26' title="bbox 129 2048 1509 2092; baseline 0.003 -4"><span class='ocrx_word' id='word_1_162' title='bbox 129 2049 343 2090; x_wconf 80' lang='lat' dir='ltr'>25rencia</span> <span class='ocrx_word' id='word_1_163' title='bbox 375 2055 448 2090; x_wconf 90' lang='lat' dir='ltr'>est</span> <span class='ocrx_word' id='word_1_164' title='bbox 478 2049 696 2090; x_wconf 89' lang='lat' dir='ltr'>notanda.</span> <span class='ocrx_word' id='word_1_165' title='bbox 749 2048 883 2091; x_wconf 88' lang='lat' dir='ltr'>Sicut</span> <span class='ocrx_word' id='word_1_166' title='bbox 927 2049 1051 2090; x_wconf 90' lang='lat' dir='ltr'>enim</span> <span class='ocrx_word' id='word_1_167' title='bbox 1092 2051 1298 2090; x_wconf 88' lang='lat' dir='ltr'>membra</span> <span class='ocrx_word' id='word_1_168' title='bbox 1337 2051 1509 2092; x_wconf 88' lang='lat' dir='ltr'>consti-</span> 
     </span>
     <span class='ocr_line' id='line_1_27' title="bbox 184 2119 1509 2174; baseline 0.002 -15"><span class='ocrx_word' id='word_1_169' title='bbox 184 2124 322 2159; x_wconf 89' lang='lat' dir='ltr'>tuunt</span> <span class='ocrx_word' id='word_1_170' title='bbox 343 2133 484 2160; x_wconf 89' lang='lat' dir='ltr'>unum</span> <span class='ocrx_word' id='word_1_171' title='bbox 509 2133 683 2173; x_wconf 90' lang='lat' dir='ltr'>corpus</span> <span class='ocrx_word' id='word_1_172' title='bbox 708 2119 782 2160; x_wconf 91' lang='lat' dir='ltr'>cui</span> <span class='ocrx_word' id='word_1_173' title='bbox 807 2119 956 2160; x_wconf 90' lang='lat' dir='ltr'>anima</span> <span class='ocrx_word' id='word_1_174' title='bbox 979 2121 1237 2174; x_wconf 80' lang='lat' dir='ltr'>copulatur,</span> <span class='ocrx_word' id='word_1_175' title='bbox 1271 2126 1319 2160; x_wconf 89' lang='lat' dir='ltr'>et</span> <span class='ocrx_word' id='word_1_176' title='bbox 1339 2120 1509 2162; x_wconf 90' lang='lat' dir='ltr'>iterum</span> 
     </span>
     <span class='ocr_line' id='line_1_28' title="bbox 184 2189 1507 2247; baseline 0.002 -18"><span class='ocrx_word' id='word_1_177' title='bbox 184 2189 307 2230; x_wconf 88' lang='lat' dir='ltr'>sicut</span> <span class='ocrx_word' id='word_1_178' title='bbox 329 2202 467 2230; x_wconf 91' lang='lat' dir='ltr'>omne</span> <span class='ocrx_word' id='word_1_179' title='bbox 484 2190 740 2230; x_wconf 87' lang='lat' dir='ltr'>membrum</span> <span class='ocrx_word' id='word_1_180' title='bbox 768 2195 841 2230; x_wconf 87' lang='lat' dir='ltr'>est</span> <span class='ocrx_word' id='word_1_181' title='bbox 857 2190 1124 2244; x_wconf 88' lang='lat' dir='ltr'>cuicunque</span> <span class='ocrx_word' id='word_1_182' title='bbox 1146 2191 1480 2240; x_wconf 87' lang='lat' dir='ltr'>necessarium,</span> <span class='ocrx_word' id='word_1_183' title='bbox 1503 2190 1507 2247; x_wconf 84' lang='grc' dir='ltr'>Ι</span> 
     </span>
     <span class='ocr_line' id='line_1_29' title="bbox 69 2256 1510 2313; baseline 0.002 -14"><span class='ocrx_word' id='word_1_184' title='bbox 69 2256 146 2294; x_wconf 73' lang='lat'><strong>¹70⁰</strong></span> <span class='ocrx_word' id='word_1_185' title='bbox 186 2272 290 2299; x_wconf 88' lang='lat' dir='ltr'>cum</span> <span class='ocrx_word' id='word_1_186' title='bbox 320 2258 484 2300; x_wconf 87' lang='lat' dir='ltr'>iuvant</span> <span class='ocrx_word' id='word_1_187' title='bbox 515 2273 567 2300; x_wconf 88' lang='lat' dir='ltr'>se</span> <span class='ocrx_word' id='word_1_188' title='bbox 599 2259 848 2313; x_wconf 88' lang='lat' dir='ltr'>reciproce</span> <span class='ocrx_word' id='word_1_189' title='bbox 891 2260 939 2300; x_wconf 87' lang='lat' dir='ltr'>in</span> <span class='ocrx_word' id='word_1_190' title='bbox 972 2260 1068 2300; x_wconf 88' lang='lat' dir='ltr'>suis</span> <span class='ocrx_word' id='word_1_191' title='bbox 1105 2259 1288 2310; x_wconf 80' lang='lat' dir='ltr'>officiis,</span> <span class='ocrx_word' id='word_1_192' title='bbox 1335 2260 1403 2301; x_wconf 86' lang='lat' dir='ltr'>sic</span> <span class='ocrx_word' id='word_1_193' title='bbox 1436 2267 1510 2302; x_wconf 88' lang='lat' dir='ltr'>est</span> 
     </span>
     <span class='ocr_line' id='line_1_30' title="bbox 185 2329 1507 2371; baseline 0.002 -3"><span class='ocrx_word' id='word_1_194' title='bbox 185 2329 243 2369; x_wconf 88' lang='lat' dir='ltr'>de</span> <span class='ocrx_word' id='word_1_195' title='bbox 275 2329 498 2369; x_wconf 89' lang='lat' dir='ltr'>membris</span> <span class='ocrx_word' id='word_1_196' title='bbox 531 2329 736 2370; x_wconf 87' lang='lat' dir='ltr'>ecclesie</span> <span class='ocrx_word' id='word_1_197' title='bbox 783 2343 845 2370; x_wconf 81' lang='lat' dir='ltr'>ex</span> <span class='ocrx_word' id='word_1_198' title='bbox 876 2329 925 2370; x_wconf 88' lang='lat' dir='ltr'>vi</span> <span class='ocrx_word' id='word_1_199' title='bbox 957 2329 1298 2370; x_wconf 86' lang='lat' dir='ltr'>communionis</span> <span class='ocrx_word' id='word_1_200' title='bbox 1332 2336 1379 2371; x_wconf 90' lang='lat' dir='ltr'>et</span> <span class='ocrx_word' id='word_1_201' title='bbox 1409 2331 1507 2371; x_wconf 87' lang='lat' dir='ltr'>vin-</span> 
     </span>
     <span class='ocr_line' id='line_1_31' title="bbox 127 2398 1508 2441; baseline 0.001 -3"><span class='ocrx_word' id='word_1_202' title='bbox 127 2405 170 2438; x_wconf 81' lang='lat'>30</span> <span class='ocrx_word' id='word_1_203' title='bbox 185 2398 290 2438; x_wconf 93' lang='lat' dir='ltr'>culo</span> <span class='ocrx_word' id='word_1_204' title='bbox 344 2398 564 2440; x_wconf 79' lang='lat' dir='ltr'>caritatis.</span> <span class='ocrx_word' id='word_1_205' title='bbox 621 2399 792 2439; x_wconf 85' lang='lat' dir='ltr'>Tercio</span> <span class='ocrx_word' id='word_1_206' title='bbox 838 2413 954 2440; x_wconf 89' lang='lat' dir='ltr'>vero</span> <span class='ocrx_word' id='word_1_207' title='bbox 1016 2399 1137 2440; x_wconf 89' lang='lat' dir='ltr'>sicut</span> <span class='ocrx_word' id='word_1_208' title='bbox 1194 2401 1403 2440; x_wconf 88' lang='lat' dir='ltr'>membra</span> <span class='ocrx_word' id='word_1_209' title='bbox 1455 2414 1508 2441; x_wconf 91' lang='lat' dir='ltr'>se</span> 
     </span>
     <span class='ocr_line' id='line_1_32' title="bbox 182 2467 1506 2523; baseline 0.002 -15"><span class='ocrx_word' id='word_1_210' title='bbox 182 2467 360 2509; x_wconf 85' lang='lat' dir='ltr'>habent</span> <span class='ocrx_word' id='word_1_211' title='bbox 389 2469 437 2508; x_wconf 90' lang='lat' dir='ltr'>in</span> <span class='ocrx_word' id='word_1_212' title='bbox 470 2481 556 2509; x_wconf 92' lang='lat' dir='ltr'>suo</span> <span class='ocrx_word' id='word_1_213' title='bbox 588 2468 833 2522; x_wconf 84' lang='lat' dir='ltr'>regimine,</span> <span class='ocrx_word' id='word_1_214' title='bbox 879 2469 946 2509; x_wconf 90' lang='lat' dir='ltr'>sic</span> <span class='ocrx_word' id='word_1_215' title='bbox 979 2474 1028 2509; x_wconf 92' lang='lat' dir='ltr'>et</span> <span class='ocrx_word' id='word_1_216' title='bbox 1057 2470 1269 2510; x_wconf 89' lang='lat' dir='ltr'>membra</span> <span class='ocrx_word' id='word_1_217' title='bbox 1291 2470 1506 2523; x_wconf 89' lang='lat' dir='ltr'>ecclesie,</span> 
     </span>
     <span class='ocr_line' id='line_1_33' title="bbox 185 2537 1506 2594; baseline 0.002 -17"><span class='ocrx_word' id='word_1_218' title='bbox 185 2550 290 2578; x_wconf 91' lang='lat' dir='ltr'>cum</span> <span class='ocrx_word' id='word_1_219' title='bbox 322 2539 580 2579; x_wconf 90' lang='lat' dir='ltr'>secundum</span> <span class='ocrx_word' id='word_1_220' title='bbox 613 2538 749 2579; x_wconf 87' lang='lat' dir='ltr'>Crist.</span> <span class='ocrx_word' id='word_1_221' title='bbox 773 2537 923 2580; x_wconf 85' lang='lat' dir='ltr'>Omel.</span> <span class='ocrx_word' id='word_1_222' title='bbox 946 2539 1100 2579; x_wconf 90' lang='lat' dir='ltr'>XXII</span> <span class='ocrx_word' id='word_1_223' title='bbox 1123 2539 1296 2593; x_wconf 89' lang='lat' dir='ltr'>Operis</span> <span class='ocrx_word' id='word_1_224' title='bbox 1329 2540 1506 2594; x_wconf 86' lang='lat' dir='ltr'>Imper-</span> 
     </span>
     <span class='ocr_line' id='line_1_34' title="bbox 183 2606 1509 2662; baseline 0.004 -15"><span class='ocrx_word' id='word_1_225' title='bbox 183 2606 298 2647; x_wconf 89' lang='lat' dir='ltr'>fecti</span> <span class='ocrx_word' id='word_1_226' title='bbox 310 2608 442 2648; x_wconf 79' lang='lat' dir='ltr'>homo</span> <span class='ocrx_word' id='word_1_227' title='bbox 456 2609 517 2649; x_wconf 80' lang='lat' dir='ltr'>sit</span> <span class='ocrx_word' id='word_1_228' title='bbox 528 2609 643 2649; x_wconf 73' lang='lat' dir='ltr'>liber</span> <span class='ocrx_word' id='word_1_229' title='bbox 656 2609 860 2661; x_wconf 77' lang='lat' dir='ltr'>quidam,</span> <span class='ocrx_word' id='word_1_230' title='bbox 885 2609 960 2649; x_wconf 77' lang='lat' dir='ltr'>cm·</span> <span class='ocrx_word' id='word_1_231' title='bbox 973 2612 1064 2650; x_wconf 77' lang='lat' dir='ltr'>tota</span> <span class='ocrx_word' id='word_1_232' title='bbox 1076 2610 1240 2662; x_wconf 71' lang='lat' dir='ltr'>religio</span> <span class='ocrx_word' id='word_1_233' title='bbox 1255 2610 1509 2652; x_wconf 74' lang='lat' dir='ltr'>christiana</span> 
     </span>
    </p>
   </div>
   <div class='ocr_carea' id='block_1_3' title="bbox 255 2800 1056 2838">
    <p class='ocr_par' dir='ltr' id='par_1_3' title="bbox 255 2800 1056 2838">
     <span class='ocr_line' id='line_1_35' title="bbox 255 2800 1056 2838; baseline 0 -8"><span class='ocrx_word' id='word_1_234' title='bbox 255 2800 307 2830; x_wconf 82' lang='lat'>23.</span> <span class='ocrx_word' id='word_1_235' title='bbox 327 2800 499 2836; x_wconf 85' lang='lat' dir='ltr'>Coequari?</span> <span class='ocrx_word' id='word_1_236' title='bbox 573 2801 621 2830; x_wconf 85' lang='lat'>30.</span> <span class='ocrx_word' id='word_1_237' title='bbox 645 2802 666 2829; x_wconf 80' lang='grc' dir='ltr'>Β</span> <span class='ocrx_word' id='word_1_238' title='bbox 686 2802 717 2829; x_wconf 87' lang='lat' dir='ltr'>in</span> <span class='ocrx_word' id='word_1_239' title='bbox 739 2810 854 2838; x_wconf 62' lang='lat' dir='ltr'>marg:</span> <span class='ocrx_word' id='word_1_240' title='bbox 874 2802 1056 2831; x_wconf 82' lang='lat' dir='ltr'>Membrum.</span> 
     </span>
    </p>
   </div>
   <div class='ocr_carea' id='block_1_4' title="bbox 257 2896 1261 2942">
    <p class='ocr_par' dir='ltr' id='par_1_4' title="bbox 257 2896 1261 2942">
     <span class='ocr_line' id='line_1_36' title="bbox 257 2896 1261 2942; baseline -0.001 -12"><span class='ocrx_word' id='word_1_241' title='bbox 257 2897 309 2930; x_wconf 78' lang='lat'>33.</span> <span class='ocrx_word' id='word_1_242' title='bbox 337 2896 581 2940; x_wconf 88' lang='lat' dir='ltr'>Chrysostomi</span> <span class='ocrx_word' id='word_1_243' title='bbox 610 2897 700 2940; x_wconf 84' lang='lat' dir='ltr'>Opp.</span> <span class='ocrx_word' id='word_1_244' title='bbox 731 2899 808 2940; x_wconf 91' lang='lat' dir='ltr'>(Ed.</span> <span class='ocrx_word' id='word_1_245' title='bbox 835 2898 966 2940; x_wconf 87' lang='lat' dir='ltr'>Migne)</span> <span class='ocrx_word' id='word_1_246' title='bbox 993 2904 1068 2929; x_wconf 89' lang='lat' dir='ltr'>tom</span> <span class='ocrx_word' id='word_1_247' title='bbox 1100 2898 1155 2942; x_wconf 82' lang='lat' dir='ltr'>VI,</span> <span class='ocrx_word' id='word_1_248' title='bbox 1183 2898 1261 2940; x_wconf 82' lang='lat'>751.</span> 
     </span>
    </p>
   </div>
   <div class='ocr_carea' id='block_1_5' title="bbox 1749 277 1802 314">
    <p class='ocr_par' dir='ltr' id='par_1_5' title="bbox 1749 277 1802 314">
     <span class='ocr_line' id='line_1_37' title="bbox 1749 277 1802 314; baseline 0 0"><span class='ocrx_word' id='word_1_249' title='bbox 1749 277 1802 314; x_wconf 87' lang='grc'>39</span> 
     </span>
    </p>
   </div>
   <div class='ocr_carea' id='block_1_6' title="bbox 1546 687 1790 786">
    <p class='ocr_par' dir='ltr' id='par_1_6' title="bbox 1546 687 1790 786">
     <span class='ocr_line' id='line_1_38' title="bbox 1565 687 1758 723; baseline 0.005 -8"><span class='ocrx_word' id='word_1_250' title='bbox 1565 687 1667 715; x_wconf 82' lang='lat' dir='ltr'>These</span> <span class='ocrx_word' id='word_1_251' title='bbox 1687 688 1758 723; x_wconf 82' lang='lat' dir='ltr'>gifts</span> 
     </span>
     <span class='ocr_line' id='line_1_39' title="bbox 1546 723 1790 758; baseline 0.008 -9"><span class='ocrx_word' id='word_1_252' title='bbox 1546 723 1739 758; x_wconf 83' lang='lat' dir='ltr'>correspond</span> <span class='ocrx_word' id='word_1_253' title='bbox 1760 728 1790 751; x_wconf 90' lang='lat' dir='ltr'>to</span> 
     </span>
     <span class='ocr_line' id='line_1_40' title="bbox 1546 757 1775 786; baseline 0.004 -2"><span class='ocrx_word' id='word_1_254' title='bbox 1546 757 1598 785; x_wconf 81' lang='lat' dir='ltr'>the</span> <span class='ocrx_word' id='word_1_255' title='bbox 1618 758 1775 786; x_wconf 85' lang='lat' dir='ltr'>members</span> 
     </span>
    </p>
   </div>
   <div class='ocr_carea' id='block_1_7' title="bbox 1553 792 1768 829">
    <p class='ocr_par' dir='ltr' id='par_1_7' title="bbox 1553 792 1768 829">
     <span class='ocr_line' id='line_1_41' title="bbox 1553 792 1768 829; baseline 0.009 -9"><span class='ocrx_word' id='word_1_256' title='bbox 1553 792 1588 820; x_wconf 88' lang='lat' dir='ltr'>of</span> <span class='ocrx_word' id='word_1_257' title='bbox 1605 793 1655 820; x_wconf 60' lang='lat' dir='ltr'>the.</span> <span class='ocrx_word' id='word_1_258' title='bbox 1676 793 1768 829; x_wconf 92' lang='lat' dir='ltr'>body.</span> 
     </span>
    </p>
   </div>
   <div class='ocr_carea' id='block_1_8' title="bbox 1535 2001 1787 2106">
    <p class='ocr_par' dir='ltr' id='par_1_8' title="bbox 1535 2001 1787 2106">
     <span class='ocr_line' id='line_1_42' title="bbox 1610 2001 1705 2029; baseline 0 0"><span class='ocrx_word' id='word_1_259' title='bbox 1610 2001 1705 2029; x_wconf 87' lang='lat' dir='ltr'>Inter-</span> 
     </span>
     <span class='ocr_line' id='line_1_43' title="bbox 1535 2036 1787 2072; baseline 0.004 -8"><span class='ocrx_word' id='word_1_260' title='bbox 1535 2036 1733 2072; x_wconf 83' lang='lat' dir='ltr'>dependence</span> <span class='ocrx_word' id='word_1_261' title='bbox 1752 2037 1787 2065; x_wconf 91' lang='lat' dir='ltr'>of</span> 
     </span>
     <span class='ocr_line' id='line_1_44' title="bbox 1550 2072 1782 2106; baseline 0.004 -7"><span class='ocrx_word' id='word_1_262' title='bbox 1550 2072 1587 2099; x_wconf 84' lang='lat' dir='ltr'>all</span> <span class='ocrx_word' id='word_1_263' title='bbox 1608 2073 1763 2100; x_wconf 84' lang='lat' dir='ltr'>members</span> <span class='ocrx_word' id='word_1_264' title='bbox 1775 2083 1782 2106; x_wconf 82' lang='lat'>3</span> 
     </span>
    </p>
   </div>
  </div>
 </body>
</html>
