2078 3338
204 261 294 289 CAP.
315 254 414 305 vm]
605 265 663 295 DE
693 265 971 297 POTESTATE
999 265 1124 299 PAPE.
1732 273 1802 311 171

201 370 281 409 sed
310 381 398 409 non
431 370 673 421 apostolico
705 370 827 418 imm·
862 382 940 410 nec
978 372 1099 411 enim
1137 371 1215 410 tihi
1252 371 1366 410 dare
1402 372 1520 422 qnod

202 450 289 478 non
321 439 486 488 habuit,
513 440 683 491 potn7't;
723 441 842 490 quod
871 441 1035 491 lzdbm't,
1073 441 1153 480 lzoc
1183 440 1316 492 dedit,
1348 441 1518 480 sollici-

200 508 402 548 tudinem
435 512 483 548 nt
514 509 609 548 dixi
635 521 773 561 snper
795 510 1014 550 ecclesias.
1047 509 1282 562 Numquid
1305 511 1518 550 domina-

201 578 407 618 cionem?
428 577 553 618 Audi
574 578 738 630 ipsum.
773 578 873 619 Non
896 580 1195 630 dominatum&
1220 580 1296 631 ait,
1321 580 1368 619 in
1401 580 1519 619 clero

168 647 278 688 5sed
296 646 464 699 forma
483 647 605 700 fizcti
630 649 799 701 gregis,
839 652 878 689 et
908 662 962 690 ne
992 650 1071 690 Izoc
1103 650 1271 689 dicium
1304 650 1403 689 sold
1433 650 1517 689 lm—

201 717 392 757 militate
418 721 560 770 putes,
598 730 687 758 non
720 719 863 758 eciam
895 719 1094 771 veritate,
1139 731 1221 759 vox
1251 719 1521 777 donzinixest

199 786 247 826 in
285 788 536 840 evangelio:
587 787 730 839 Reges
760 789 974 840 gencimn
1006 790 1306 829 dominantur
1348 800 1519 848 eorum,

200 868 277 896 vos
314 860 466 898 antean
505 870 593 898 non
631 859 706 898 sic.
758 858 959 899 Planum
1000 862 1082 899 est:
1119 859 1338 911 apostolis
1376 859 1517 898 inter-

199 926 366 966 dicitur
397 928 671 968 dominatus.

144 1012 183 1034 10
255 996 380 1036 Ecce
424 997 514 1037 hoc
559 997 735 1051 triplex
774 997 1093 1039 testimonium
1130 997 1378 1038 manifeste
1412 1010 1517 1037 con-

197 1065 343 1106 vincit
374 1066 488 1106 illud
518 1068 824 1120 mendacium,
855 1069 936 1108 lex
967 1067 1172 1121 propria,
1208 1067 1518 1121 Augustinus,

197 1135 514 1188 Bernhardus,
555 1137 633 1191 qui
670 1138 917 1178 manifeste
956 1137 1080 1183 dicit,
1128 1137 1256 1190 quod
1294 1150 1387 1177 non
1418 1136 1519 1176 iure

198 1206 463 1258 apostolico
495 1220 621 1260 papa
651 1209 795 1247 habet
825 1209 913 1247 hec
946 1207 1233 1260 temporalia.
1267 1206 1384 1246 Ideo
1407 1205 1518 1245 dicit

196 1274 316 1315 libro
349 1275 436 1316 IV:
477 1276 531 1316 In
568 1278 656 1317 Izi-is
693 1277 945 1318 snccessisfi
982 1290 1069 1317 non
1109 1277 1240 1316 Petro
1278 1277 1357 1316 sed
1398 1275 1516 1318 Con-

147 1363 151 1382 1
166 1352 181 1384 5
196 1346 409 1385 stantz'no.

254 1414 316 1455 Et
346 1421 480 1468 patet
512 1430 648 1469 quam
680 1416 905 1456 horribile
940 1421 1013 1456 est
1043 1416 1227 1469 fingere
1260 1415 1370 1455 talia
1395 1417 1517 1456 blas·
1551 1423 1791 1487 κκὲἓτιηᾱὲένὲῇῑὲῑς

197 1483 319 1524 fema
349 1485 591 1525 mendacia
621 1490 821 1538 propter
853 1485 1056 1525 dominia
1088 1485 1363 1538 temporalia
1391 1485 1518 1538 palli·
1558 1494 1772 1555 b111e,C,hure,h

197 1554 324 1594 anda.
357 1554 496 1595 Patet
528 1554 687 1607 eciam,
721 1555 849 1608 quod
871 1568 959 1594 nec
992 1555 1227 1594 seculares
1249 1567 1336 1594 nec
1362 1554 1518 1594 clerici
1580 1533 1611 1556 Ut
1631 1537 1730 1563 mJure
1750 1535 1780 1557 η’

194 1623 412 1663 iuvantur
431 1637 518 1677 per
538 1624 858 1665 assistenciam
881 1624 1038 1664 talium
1060 1623 1515 1664 antichristianorum

140 1710 181 1731 ρο
196 1693 281 1732 sed
335 1693 616 1746 profundius
672 1694 958 1747 peiorantur‚
1030 1698 1123 1733 tam
1183 1694 1339 1746 quoad
1389 1695 1516 1733 bona

195 1763 473 1815 temporalia
517 1777 655 1816 quam
689 1763 956 1816 spiritualia.
1010 1762 1179 1815 Quoad
1223 1762 1513 1816 temporalia,

194 1837 246 1871 ut
276 1833 612 1885 prophetatum
646 1838 719 1873 est
741 1835 858 1873 Dan.
884 1832 929 1873 ΙΙ
954 1837 1001 1872 et
1031 1832 1285 1886 exponitur
1307 1832 1513 1881 inferius,

193 1902 284 1942 hoc
316 1902 431 1943 fecit
452 1902 729 1943 scissionem
752 1902 950 1956 imperii.
984 1903 1045 1943 Et
1067 1902 1221 1955 quoad
1244 1901 1513 1955 spiritualia,

193 1976 327 2024 patet
359 1973 486 2025 quod
508 1978 671 2012 mutuo
696 1986 747 2013 se
775 1972 989 2012 inficiunt
1012 1985 1072 2011 ex
1097 1984 1347 2012 consensu.
1385 1971 1514 2011 Assi—

137 2049 176 2080 25
194 2041 374 2081 stencia
406 2047 558 2082 autem
592 2041 704 2082 cleri
735 2041 941 2081 tenentis
980 2055 1031 2081 se
1062 2041 1110 2081 in
1143 2046 1267 2081 statu
1299 2040 1514 2094 primevo

194 2112 442 2152 decoraret
473 2111 687 2151 miliciam
722 2117 768 2151 et
802 2117 1008 2163 econtra,
1041 2116 1092 2150 ut
1123 2116 1258 2164 patet
1280 2111 1339 2150 de
1362 2110 1515 2150 beatis

193 2179 487 2235 Sebastiano,
528 2181 728 2222 Martino
770 2187 815 2221 et
861 2181 1032 2221 ceteris
1071 2181 1155 2220 sed
1194 2185 1514 2234 apostatarum

194 2250 467 2292 assistencia
500 2252 786 2305 deturparet.

251 2320 425 2374 Quinta
467 2335 606 2362 causa
636 2322 744 2361 ficta
777 2327 851 2361 est
881 2320 975 2361 loci
1008 2319 1231 2360 sanctitas
1271 2332 1331 2358 ex
1363 2318 1513 2358 multi·
1557 2335 1699 2374 Another
1719 2337 1791 2374 mea-

135 2400 177 2431 30
191 2391 304 2445 plici
336 2391 692 2432 christianorum
725 2391 965 2444 martyrio,
999 2390 1079 2430 ubi
1112 2389 1251 2429 decet
1279 2387 1513 2429 sanctissi-
1557 2373 1787 2433 ἰῗοῗῑῗιὲοςᾎῖγηῖῒ

191 2476 314 2502 mum
349 2466 491 2515 caput
514 2461 717 2501 ecclesie
741 2460 1021 2501 conversari.
1055 2458 1151 2500 Sed
1176 2463 1363 2499 constat
1385 2458 1513 2510 quod
1549 2448 1640 2476 many
1656 2444 1801 2476 martyrs.

190 2532 324 2572 locus
367 2545 463 2572 non
501 2531 762 2571 sanctificat
798 2530 1135 2570 inhabitantem
1175 2530 1257 2569 sed
1304 2533 1512 2577 econtra,

190 2606 242 2641 ut
273 2601 441 2641 dicitur
473 2601 532 2642 II.
567 2600 933 2641 Machabeorum
966 2599 1023 2640 V.
1069 2599 1224 2638 Locus
1265 2597 1386 2637 enim
1419 2610 1514 2636 non

192 2675 265 2711 est
308 2671 367 2711 de
410 2684 589 2724 genere
635 2670 907 2721 activorum,
953 2682 1057 2709 cum
1096 2668 1157 2708 sit
1194 2666 1430 2720 quantitas
1467 2671 1514 2705 et

261 2818 307 2848 31.
328 2820 381 2847 ΑΒ
401 2819 432 2847 in
454 2827 568 2855 marg-z
589 2819 687 2847 Locus
706 2827 767 2847 non
788 2817 963 2854 sanctificat
982 2818 1144 2845 hominem.

267 2902 316 2933 14.
343 2892 425 2934 Cap.
453 2892 507 2932 ΙΙῘ,
535 2903 611 2934 pag.
639 2890 716 2933 776.
