2078 3338
247 270 328 319 338
974 279 1201 311 JOHANle
1229 279 1413 311 WYCLIF
1655 267 1761 323 [cm.
1788 278 1850 305 ΧΠ.

540 382 708 435 quibus
756 381 1001 436 obliquant
1032 397 1056 424 a
1094 382 1295 436 Christo,
1343 383 1559 424 addendo
1605 383 1851 434 fallaciam;

538 450 637 504 Ipsi
671 451 737 492 sic
762 458 1036 505 sequuntur,
1069 452 1213 506 igitur
1242 466 1338 493 nos·
1358 466 1611 506 possumus
1641 452 1769 494 licite
1802 466 1853 493 ac

539 520 777 561 meritorie
810 521 876 561 sic
899 521 1038 563 viare.
1069 522 1130 563 Et
1162 522 1375 575 sequitur
1406 527 1611 575 punctus
1640 521 1853 578 fallacie,1

541 592 727 643 quando
763 591 1071 642 concluditur,
1102 591 1246 645 igitur
1270 591 1329 631 de
1361 591 1486 631 facto
1510 604 1597 631 nos
1621 592 1854 632 servando
1895 595 1976 639 245¹³

539 665 749 700 naturam
782 659 940 713 operis
973 660 1084 701 licet
1115 661 1256 701 modo
1291 660 1524 700 contrario
1559 674 1646 701 nec
1684 661 1890 702 iniuste5

539 729 734 771 facimus
777 742 866 770 nec
910 743 1176 783 peccamus.
1229 730 1423 771 Revera
1459 731 1737 783 prevalente
1768 731 1858 771 ista

539 798 722 839 fallacia
753 799 920 840 liceret
955 800 1148 840 cuilibet
1175 799 1403 853 religioso
1427 799 1636 853 qualibet
1659 800 1858 841 seculari

541 868 638 909 vita
669 869 1029 923 quomodolibet
1061 868 1343 911 conversari.

336 946 433 986 What
599 938 715 978 Ideo
760 938 865 979 talis
916 938 1247 992 evangelizans
1303 938 1572 992 predicaret
1622 937 1766 979 vitam
1812 945 1859 979 et

296 982 477 1045 sphrgtilccinffi-
542 1009 802 1049 doctrinam
848 1008 1034 1059 Christi,
1085 1009 1131 1049 in
1177 1023 1271 1062 qua
1321 1022 1416 1049 non
1470 1014 1544 1049 est
1585 1009 1858 1062 periculum.
1881 1027 1918 1047 10

542 1078 764 1120 Secundo
799 1085 1066 1132 exponeret
1119 1079 1357 1132 quomodo
1398 1084 1600 1132 sanctus,
1643 1079 1716 1119 cui
1747 1079 1860 1120 inni-

541 1148 654 1190 titur
685 1162 779 1189 non
810 1149 857 1189 in
888 1149 997 1202 lege
1039 1162 1178 1202 quam
1213 1148 1424 1190 Christus
1463 1148 1677 1200 instituit,
1724 1149 1860 1190 decli-

541 1219 685 1270 navit,
730 1218 879 1259 tercio
927 1218 1249 1259 consideraret
1292 1218 1331 1259 si
1374 1219 1564 1259 modum
1608 1218 1672 1259 ita
1709 1219 1860 1259 lauda-

542 1289 685 1330 bilem
733 1289 855 1329 sicut
897 1288 1119 1330 fecerunt
1160 1288 1360 1342 patroni,
1407 1287 1579 1342 quibus
1610 1288 1861 1339 innitimur,

545 1361 867 1413 observamus,
902 1362 1009 1416 quia
1042 1374 1146 1401 cum
1167 1360 1302 1401 Deus
1323 1366 1648 1401 remunerator
1681 1364 1755 1400 est
1787 1359 1862 1399 ad·
1883 1365 1919 1398 15

544 1430 832 1482 verbiorum,
847 1432 1014 1472 modus
1031 1436 1104 1473 est
1117 1430 1319 1471 maxime
1336 1431 1670 1476 attendendus;
1696 1435 1862 1483 quarto

544 1513 660 1540 vero
707 1501 1116 1542 consideraremus
1159 1501 1207 1541 in
1237 1500 1347 1541 vitis
1384 1505 1584 1554 patrum,
1632 1500 1671 1540 si
1702 1504 1864 1553 patres

546 1570 695 1610 nostri
711 1570 887 1611 ordinis
904 1571 1103 1624 spissius
1118 1570 1342 1611 vixerunt
1358 1576 1405 1610 et
1423 1569 1651 1620 sanccius,
1677 1569 1864 1623 quando

546 1638 768 1680 viventes
802 1640 1179 1695 exproprietarie
1204 1645 1252 1680 et
1279 1639 1417 1682 nobis
1453 1638 1683 1680 contrarie
1716 1637 1868 1678 secuti

548 1713 658 1749 sunt
677 1709 858 1751 facilius
889 1716 937 1751 et
958 1710 1152 1751 similius
1175 1710 1468 1751 salvatorem.
1502 1708 1722 1749 Modicus
1746 1708 1867 1748 enim
1886 1725 1926 1745 20

550 1792 692 1831 error,
738 1781 817 1834 qui
864 1787 938 1822 est
977 1780 1263 1822 insensibilis
1298 1794 1359 1820 ex
1402 1779 1636 1833 pravitate
1667 1777 1866 1832 peccati,

551 1855 624 1890 est
656 1863 718 1890 ex
751 1851 975 1892 continuo
1018 1851 1311 1892 incremento
1351 1849 1576 1890 sensibile
1610 1854 1659 1890 et
1688 1848 1868 1889 intolle-

549 1919 696 1960 rabile
740 1926 1004 1974 peccatum,
1055 1935 1078 1961 a
1121 1926 1223 1961 tota
1270 1919 1472 1960 ecclesia
1516 1918 1868 1967 destruendum,

553 1989 674 2030 sicut
706 1990 976 2044 specialiter
1006 1996 1142 2044 patet
1172 1990 1219 2030 in
1243 1989 1495 2030 dotacione
1529 1988 1742 2040 ecclesie,
1777 2000 1869 2040 que

554 2072 578 2098 a
609 2060 736 2099 nuda
769 2060 1025 2100 elemosina
1048 2059 1199 2100 crevit
1219 2058 1266 2099 in
1288 2071 1583 2099 venenosum
1603 2057 1870 2099 dominium.
1888 2062 1926 2094 25

554 2128 632 2170 Sic
664 2129 809 2182 igitur
831 2130 1012 2184 duplex
1032 2130 1148 2170 illud
1177 2130 1353 2169 morale
1376 2127 1671 2181 principium,
1704 2127 1870 2181 practi-

555 2203 705 2239 zatum
736 2199 784 2240 in
816 2199 892 2240 via
922 2213 1117 2250 morum,
1149 2198 1452 2240 retrocedere
1487 2203 1559 2237 est
1579 2196 1791 2237 illicitum
1825 2201 1872 2236 et

556 2269 614 2308 de
647 2270 833 2309 duobus
855 2270 994 2310 bonis
1019 2276 1090 2310 est
1112 2269 1281 2323 pocius
1304 2273 1353 2308 et
1379 2267 1562 2308 facilius
1588 2266 1872 2320 eligendum,

553 2339 841 2380 rectificaret
884 2345 1031 2380 totam
1076 2338 1344 2387 ecclesiam;
1388 2337 1497 2378 ideo
1538 2336 1639 2377 sine
1680 2349 1873 2376 excusa-

558 2409 693 2449 cione
715 2410 942 2452 debemus
965 2423 1127 2450 omnes
1151 2408 1461 2450 effectualiter
1481 2407 1596 2447 illud
1617 2407 1873 2447 attendere.
1891 2411 1933 2443 30

269 2477 541 2541 Cth‘i'Stlss‘sseffltd·
616 2478 714 2520 Sed
756 2480 1001 2520 redeundo
1035 2485 1260 2534 quantum
1306 2478 1363 2518 ad
1395 2477 1650 2519 secundam
1689 2481 1875 2516 senten-

560 2548 676 2589 ciam
723 2550 780 2589 de
824 2549 1109 2590 necessitate
1152 2549 1314 2601 legum
1359 2545 1574 2599 ecclesie,
1625 2550 1760 2599 patet
1813 2558 1875 2584 ex

561 2631 679 2671 sepe
713 2619 862 2670 dictis,
896 2620 1025 2672 quod
1055 2619 1223 2659 melius
1255 2622 1504 2671 regeretur
1533 2615 1735 2656 ecclesia
1760 2627 1878 2668 pura

634 2786 655 2805 1.
677 2777 716 2805 B:
738 2778 892 2813 obligant.
966 2785 993 2813 9.
1017 2777 1116 2805 Codd.
1139 2778 1169 2805 in
1192 2785 1304 2813 marg:
1326 2775 1562 2804 Predt'cacionis
1580 2775 1687 2802 modus
1700 2774 1739 2801 de
1754 2774 1878 2802 sanctis.

565 2832 602 2852 11.
642 2825 672 2852 A
707 2824 738 2852 in
771 2833 887 2860 marg:
925 2824 1015 2853 Nota.
1129 2833 1171 2852 12.
1203 2824 1297 2859 lege,·
1326 2824 1412 2851 cod.:
1448 2824 1518 2857 hoc,
1551 2822 1588 2849 cf.
1622 2830 1651 2857 p.
1685 2820 1743 2857 339
1780 2821 1800 2849 l.
1836 2821 1878 2848 16.

563 2871 613 2900 32.
646 2872 749 2900 Codd.
787 2872 816 2899 in
856 2879 970 2906 marg:
998 2871 1082 2907 Lege
1108 2871 1168 2898 Dei
1193 2872 1258 2898 sine
1285 2870 1427 2897 humanis
1457 2869 1577 2905 legibus
1607 2868 1735 2895 ecclesia
1768 2868 1880 2902 optime

564 2922 736 2956 regeretur.
