2078 3338
235 257 317 295 344

268 780 429 809 Attention
449 785 480 807 to

281 817 393 843 human
416 816 475 843 law

275 851 417 878 distracts
438 858 475 877 us

251 888 332 914 from
355 885 425 913 God
445 885 504 912 and

310 920 356 947 his
378 921 446 947 law.

295 2105 399 2145 Franci
420 2106 479 2144 all-d

293 2145 434 2175 anustlce
454 2148 484 2167 111

287 2177 401 2204 human
422 2176 489 2203 laW.

963 256 1188 288 JOHANle
1213 256 1398 288 WYcLlF
1640 245 1747 302 [CAP.
1773 256 1843 283 ΧΠ.

584 360 681 401 Ista
726 364 881 400 autem
926 360 1184 400 secundum
1226 360 1366 401 fidem
1413 361 1649 415 scripture
1682 368 1789 403 sunt
1822 376 1846 403 a

525 442 649 483 papa
696 434 742 469 et
786 429 1001 482 quolibet
1046 428 1274 482 episcopo
1306 430 1585 481 meditanda,
1626 436 1672 471 et
1706 437 1841 484 post-

525 498 695 551 positis
755 498 936 538 cunctis
994 498 1182 551 legibus
1245 499 1481 540 extraneis
1535 499 1846 541 effectualiter

528 568 824 621 exequenda.
876 567 930 607 In
975 568 1211 609 extraneis
1257 568 1379 609 enim
1422 569 1609 623 legibus
1651 570 1777 610 iacet
1821 584 1845 610 a

526 638 637 690 lege
661 637 832 678 Christi
866 642 913 678 et
943 651 1032 691 per
1065 650 1360 691 consequens
1394 652 1418 678 a
1440 640 1546 679 Deo
1581 639 1879 690 distraccio‚5

529 706 774 759 utriusque
818 706 1089 748 testamenti
1133 706 1332 747 offensio
1386 713 1433 748 et
1475 708 1744 762 periculosa
1795 722 1848 749 ac

529 776 680 816 latens
702 775 955 818 iniuriaciO.
990 775 1106 828 Quis
1129 778 1311 829 (queso)
1347 777 1542 829 dubitat,
1575 778 1686 831 quin
1714 792 1848 819 occu-

530 844 667 898 pacio
703 845 825 885 circa
857 846 993 898 leges
1021 846 1273 897 hominum,
1307 860 1399 900 que
1423 860 1587 888 omnes
1610 853 1719 888 sunt
1742 861 1849 888 con-

532 914 680 955 clusio
706 915 763 954 ad
786 914 1048 955 viacionem
1072 915 1325 968 superflue,
1354 917 1411 956 de
1434 922 1564 958 tanto
1589 917 1852 958 distrahunt

530 983 747 1037 pusillam
781 984 1089 1038 capacitatem
1122 985 1271 1026 anime
1305 999 1330 1026 a
1350 986 1460 1040 lege
1482 986 1700 1027 Domini?
1734 987 1850 1040 Quis
1873 1004 1909 1024 10

530 1053 724 1107 insuper
773 1054 946 1095 hesitat
1010 1054 1067 1094 de
1121 1055 1394 1108 legislatore
1447 1056 1649 1107 Christo⁷
1712 1070 1851 1110 quern

532 1128 726 1176 oportet
800 1137 985 1164 omnem
1059 1125 1336 1166 salvandum
1404 1126 1565 1179 sequi?
1637 1127 1851 1167 Psalmus

530 1193 697 1246 primo,
733 1207 753 1233 2
789 1193 1031 1235 scribitur:
1077 1195 1131 1235 In
1175 1196 1268 1248 lege
1312 1196 1407 1236 eins
1451 1197 1745 1237 meditabitur
1781 1197 1854 1237 die

531 1275 586 1303 ac
616 1266 751 1314 nocte,
782 1277 892 1317 ymo
917 1264 1264 1305 Deutronomio
1280 1264 1411 1317 VIII,
1441 1280 1454 1305 1
1494 1265 1682 1306 dicitur:
1711 1264 1854 1307 Omne

532 1333 806 1373 mandatnm
837 1335 955 1385 qnod
986 1342 1065 1386 ego
1090 1335 1297 1387 precipio
1329 1336 1408 1375 tibi
1437 1336 1575 1384 bodie,
1611 1348 1716 1376 cave
1743 1336 1851 1376 dili—
1873 1341 1909 1373 15

527 1406 686 1454 genter
717 1406 765 1443 ut
785 1403 957 1455 facias.
1004 1403 1066 1444 Et
1097 1403 1205 1457 quia
1238 1404 1294 1443 ad
1325 1405 1416 1445 hoc
1447 1405 1702 1457 requiritur
1732 1419 1853 1446 man-

534 1471 748 1512 datorum
780 1472 971 1525 noticia;
1007 1474 1012 1525 Ι
1039 1473 1148 1513 ideo
1180 1474 1530 1515 Deutronomio
1563 1474 1646 1526 VI⁷
1679 1478 1717 1528 ὁ,
1750 1489 1853 1529 pre·
1895 1478 1976 1521 2415ul

536 1541 707 1594 cipitur
749 1548 861 1595 post
904 1543 1274 1597 precepcionem
1307 1545 1618 1585 observancie
1652 1545 1855 1586 omnium

535 1611 859 1652 mandatorum
892 1616 1024 1654 ernnt
1055 1614 1190 1654 verba
1220 1614 1308 1663 lzec,
1341 1627 1423 1666 qne
1456 1623 1533 1667 ego
1550 1616 1757 1668 precipio
1778 1616 1857 1655 tibi

535 1682 676 1733 hodie,
721 1682 767 1721 in
812 1684 945 1722 corde
987 1686 1073 1734 tito,
1117 1686 1155 1723 et
1198 1684 1415 1724 narrabis
1446 1696 1499 1724 ea
1528 1685 1651 1736 filiis
1693 1685 1783 1726 tnis
1818 1689 1857 1726 et
1873 1701 1914 1721 20

538 1751 828 1792 meditaberis
869 1753 1027 1793 sedens
1070 1753 1117 1793 in
1164 1754 1297 1793 domo
1342 1756 1423 1794 tna
1466 1757 1505 1794 et
1536 1754 1778 1795 ainbiilans
1809 1756 1856 1795 in

537 1821 708 1867 itinere,
733 1822 967 1863 dormiens
987 1826 1118 1875 atqne
1139 1831 1426 1876 consurgens.
1450 1824 1511 1863 Et
1531 1823 1786 1876 Joh.X1V,
1808 1837 1853 1875 15

540 1891 595 1929 ab
644 1903 764 1944 equo
811 1890 998 1931 dicitur:
1046 1891 1097 1932 Si
1137 1893 1238 1944 qnis
1280 1894 1431 1945 diligit
1473 1906 1558 1943 me,
1601 1906 1857 1935 sermonem

539 1973 692 2000 nienrn
722 1962 930 2003 servabit.
981 1961 1136 2002 Nichil
1180 1962 1302 2002 enim
1347 1963 1578 2004 attencius
1615 1963 1859 2004 mandatur

544 2042 568 2069 a
597 2029 818 2082 Domino,
852 2044 989 2084 quam
1019 2031 1143 2084 iugis
1176 2032 1425 2073 meditacio
1458 2032 1580 2086 legis
1611 2033 1717 2073 Dei.
1876 2036 1914 2068 25

599 2099 660 2139 Et
692 2105 916 2152 quantum
950 2101 1007 2141 ad
1037 2101 1235 2142 tercium
1266 2107 1412 2154 patet,
1446 2102 1575 2155 quod
1602 2102 1649 2142 in
1670 2102 1859 2156 legibus

540 2168 752 2210 humanis
797 2175 871 2210 est
914 2170 1088 2211 fraudis
1129 2176 1176 2211 et
1206 2170 1373 2211 iniurie
1410 2171 1671 2224 plenitudo.
1720 2172 1860 2212 Patet

541 2239 632 2278 hoc
665 2238 723 2278 de
756 2239 999 2293 principiis
1023 2241 1099 2280 vel
1127 2240 1341 2281 maximis
1372 2241 1532 2296 legum
1564 2241 1779 2292 ecclesie,
1813 2246 1861 2281 et

542 2307 688 2347 multo
734 2308 882 2362 magis
923 2309 981 2349 de
1022 2310 1406 2350 conclusionibus
1446 2324 1508 2350 ex
1537 2310 1627 2350 illis
1663 2324 1859 2364 sequen-

541 2376 680 2419 tibus.
732 2377 849 2418 Nam
893 2378 1015 2419 libro
1047 2378 1117 2418 VI
1164 2380 1222 2419 de
1267 2380 1688 2421 constitucionibus
1728 2380 1861 2420 datur
1878 2384 1918 2416 30

543 2460 630 2499 pro
664 2449 840 2501 regula,
880 2449 1009 2501 quod
1040 2450 1213 2490 dnobns
1242 2462 1387 2502 snper
1418 2451 1575 2491 eadem
1600 2450 1862 2502 provisione

543 2517 717 2557 litteras
760 2530 789 2558 a
827 2531 957 2571 papa
988 2520 1248 2560 habentibus
1279 2532 1373 2559 nna
1404 2520 1488 2570 die,
1531 2520 1583 2570 is,
1626 2520 1700 2559 cni
1730 2532 1862 2572 papa

615 2671 651 2691 11.
675 2663 791 2693 Codd.:
813 2665 929 2692 hesitat
945 2665 1028 2700 quin.
1104 2674 1145 2700 14.
1170 2665 1269 2694 Codd.
1285 2666 1315 2694 in
1331 2674 1445 2701 marg.:
1465 2666 1528 2694 Lex
1542 2666 1603 2694 Dei
1619 2666 1709 2694 debet
1728 2667 1862 2703 diligen-

543 2710 659 2737 tissime
677 2710 804 2739 studeri.
880 2711 930 2740 25.
945 2719 1045 2747 quam.
1067 2712 1104 2740 B:
1126 2712 1219 2748 quod.
1293 2712 1342 2740 30.
1360 2712 1460 2740 Codd.
1481 2713 1510 2741 in
1533 2721 1647 2748 marga
1667 2713 1729 2741 Lex
1738 2713 1864 2749 papalis

541 2755 665 2791 patitur
686 2756 878 2785 instanciam.

618 2818 666 2850 13.
692 2817 820 2850 Psalm.
848 2818 995 2859 CXVIII,
1027 2818 1081 2852 85.
1180 2821 1232 2853 30.
1264 2820 1369 2851 Liber
1395 2821 1528 2864 Sextus,
1561 2821 1609 2852 tit.
1636 2820 1675 2853 II.
1710 2821 1777 2852 Sed
1811 2827 1863 2852 est

544 2876 668 2908 titulus
693 2875 736 2907 III
763 2876 812 2907 De
838 2876 1036 2917 Rem-ipss,
1064 2887 1136 2919 cap.
1165 2878 1246 2909 XIV
1272 2878 1430 2912 Duobus.
