2078 3338
210 262 263 298 50
946 258 1169 291 JOHANle
1196 258 1383 290 WYCLIF
1633 243 1739 300 [CAP.
1767 254 1817 280 111.

502 363 736 416 signatum
767 362 873 416 ipse
907 375 932 402 a
963 362 1069 402 Deo
1103 362 1301 414 adiutus,
1348 360 1644 415 singulariter
1675 360 1821 413 presi-

501 433 618 472 dens
652 431 868 472 navicule
901 430 1184 485 significanti
1218 430 1466 471 ecclesiam
1499 429 1683 481 Christi,
1717 431 1821 469 sub-

500 501 651 542 iceret
674 501 912 551 servituti3
939 506 986 540 et
998 500 1137 540 istum
1163 513 1353 540 sensum
1367 499 1503 553 ponit
1524 498 1823 552 Augustinus

235 568 463 630 ξξιῑξηῑᾞιζῐέῑξξῗῖᾗ
503 569 734 611 Sermone
768 569 848 610 IV.
881 569 1006 622 Quid
1040 575 1196 609 autem
1228 583 1316 623 per
1348 569 1603 610 secundam
1633 568 1681 608 in
1711 567 1825 608 mari

503 639 789 690 missionem,
814 640 872 679 de
898 652 988 692 qua
1009 639 1233 690 Johannis
1255 639 1432 692 ultimo,
1459 640 1567 679 aliis
1588 638 1856 691 discipulis?

503 710 689 762 navigio
713 711 775 749 ad
801 708 1028 751 Christum
1050 710 1339 759 venientibus,
1365 707 1491 763 {ipse
1516 708 1645 748 solus
1668 706 1826 746 tunica

505 779 774 819 succinctus
820 779 1043 819 audacter
1088 778 1214 818 misit
1258 791 1309 818 se
1352 777 1400 817 in
1444 791 1584 829 mare,
1637 777 1826 816 daretur

502 848 638 888 nobis
691 848 894 901 intelligi
944 861 1059 888 vere
1125 848 1253 900 quod
1312 860 1475 887 omnes
1529 846 1604 886 alii
1655 844 1827 886 Christi

504 917 724 971 discipuli
770 918 943 957 ducatu
974 916 1107 957 Petri
1150 916 1309 957 tunica
1351 916 1574 956 virtutum
1621 921 1668 955 et
1711 927 1828 954 zona

501 987 725 1041 potencie
770 986 948 1040 ligandi
992 985 1144 1026 ornati
1186 985 1373 1025 fuerant
1415 985 1463 1025 in
1494 984 1570 1025 via
1600 983 1827 1024 tendendi

505 1059 563 1097 ad
597 1056 844 1096 terminum
875 1055 1152 1108 regulandi?
1185 1055 1293 1095 Hoc
1324 1054 1470 1095 eciam
1490 1054 1719 1107 figuratur
1740 1066 1827 1106 per

220 1134 481 1197 qddlfletggissgsmm
503 1127 607 1176 hoc,
642 1126 770 1179 quod
802 1125 891 1165 soli
912 1131 1129 1178 tempore
1152 1124 1388 1178 passionis
1412 1123 1630 1165 Salvator
1654 1123 1828 1163 dixerit

216 1188 648 1237 i‘n(lenisema1110.Marc,
672 1194 809 1246 XIV,
835 1208 909 1247 37:
945 1194 1106 1235 Simon
1138 1195 1349 1235 dormis?
1382 1193 1483 1234 Non
1510 1194 1701 1246 potuisti
1732 1205 1826 1234 mm

504 1267 618 1306 hora
649 1266 843 1318 vigilare
874 1266 1089 1306 mecum?
1120 1277 1207 1317 per
1236 1265 1327 1304 hoc
1349 1264 1548 1303 innuens
1573 1263 1701 1316 quod
1721 1262 1827 1316 ipse

506 1337 636 1377 solus
660 1348 746 1388 pre
771 1334 942 1376 ceteris
967 1340 1014 1374 et
1036 1349 1124 1388 pro
1148 1334 1319 1374 ceteris
1341 1335 1540 1374 haberet
1567 1332 1827 1386 capitaliter
1869 1338 1881 1369 ζ

504 1406 551 1446 in
597 1418 705 1445 cura
749 1405 1000 1458 pastoralis
1046 1404 1189 1444 officii
1220 1404 1429 1457 vigilare.
1480 1404 1542 1443 Et
1577 1404 1669 1443 hoc
1701 1402 1826 1442 idem

240 1471 467 1533 Hffiedss'ffigssgss
504 1476 728 1529 figuratur
775 1488 862 1528 per
903 1475 1009 1524 hoc,
1056 1475 1185 1527 quod
1227 1474 1333 1527 ipse
1377 1474 1506 1514 solus
1539 1473 1586 1513 in
1619 1472 1827 1512 secunda

311 1541 392 1568 ¹³⁰³·
505 1545 779 1598 piscacione
823 1544 967 1584 traxit
1011 1545 1068 1584 ad
1109 1544 1220 1584 litus
1264 1549 1366 1584 rete
1412 1545 1603 1596 plenum
1648 1546 1825 1583 centum

505 1615 836 1667 quinquaginta
879 1616 1026 1654 tribus
1068 1615 1254 1667 magnis
1290 1614 1507 1666 piscibus,
1558 1618 1609 1653 ut
1656 1611 1827 1652 dicitur

506 1685 608 1736 Joh.
630 1686 732 1733 ult<3
765 1698 853 1737 per
882 1685 974 1724 hoc
1008 1684 1128 1724 enim
1159 1684 1391 1737 figuratur
1414 1683 1542 1736 quod
1570 1682 1674 1736 ipse
1698 1682 1826 1721 solus
1846 1696 1860 1716 2

506 1754 630 1795 inter
662 1755 909 1808 apostolos
942 1753 1084 1794 trahit
1117 1752 1382 1807 capitaliter
1408 1765 1632 1806 sponsam
1656 1750 1828 1792 Christi

509 1824 566 1863 ad
591 1829 764 1864 terram
785 1823 1054 1864 vivencium
1076 1823 1124 1863 in
1143 1823 1327 1864 retibus
1344 1822 1463 1876 legis
1478 1822 1581 1863 Dei.
1602 1821 1827 1874 Magnum

507 1893 666 1946 itaque
689 1893 992 1946 privilegium
1014 1892 1190 1942 vicarii,
1226 1892 1306 1945 qui
1338 1897 1502 1945 potest
1529 1892 1714 1931 trahere
1738 1888 1827 1929 ani-

508 1976 606 2002 mas
640 1963 697 2002 ad
727 1962 1082 2015 beatitudinem,
1117 1976 1220 2002 cum
1259 1962 1349 2002 ista
1381 1961 1589 2002 secunda
1619 1959 1827 2014 piscacio

510 2031 744 2084 significat
768 2032 1044 2085 capcionem
1065 2032 1303 2072 hominum
1327 2032 1383 2071 ad
1404 2031 1651 2071 ecclesiam
1673 2029 1827 2070 trium·
1872 2035 1885 2066 ἶ

509 2102 746 2154 phantem,
786 2101 908 2141 sicut
945 2101 1094 2154 prima
1124 2100 1333 2154 piscacio
1367 2100 1522 2154 signat
1555 2099 1829 2153 capcionem

508 2170 748 2210 hominum
781 2172 838 2210 ad
872 2170 1119 2211 ecclesiam
1150 2170 1434 2210 militantem.

569 2240 701 2280 Idem
748 2240 892 2280 eciam
936 2240 1165 2293 figuratur
1208 2252 1296 2292 per
1326 2239 1416 2279 hoc
1456 2239 1584 2291 quod
1617 2237 1829 2278 Christus

512 2309 771 2349 doctrinam
796 2308 1132 2362 correpcionis,
1157 2322 1294 2361 quarn
1323 2308 1473 2348 voluit
1505 2307 1625 2347 tradi
1648 2307 1830 2347 cunctis

510 2377 741 2431 fidelibus⁷
763 2392 851 2431 per
872 2378 1068 2418 Petrum
1091 2377 1241 2417 voluit
1263 2377 1310 2416 in
1334 2377 1447 2417 alios
1472 2376 1681 2417 derivari.
1713 2375 1831 2416 Nam
1850 2384 1865 2416 3

511 2447 655 2489 Math.
700 2447 884 2498 XVIII,
935 2460 981 2498 15
1027 2447 1222 2499 legitur:
1277 2446 1531 2500 Aspiciens
1576 2446 1742 2486 Ihesus
1785 2446 1832 2485 in

514 2516 773 2570 discipulos
808 2530 919 2557 suos
954 2517 1073 2557 dixit
1101 2516 1282 2558 Simoni
1304 2516 1470 2557 Petro:
1504 2514 1556 2557 δι’
1580 2517 1834 2569 peccavem't

512 2588 558 2627 in
592 2590 631 2627 te
651 2587 812 2639 frater
854 2591 973 2640 tuus,
1016 2588 1132 2628 vade
1165 2591 1203 2627 ef
1234 2587 1413 2639 corripe
1441 2598 1544 2627 enm
1575 2587 1693 2626 inter
1723 2589 1763 2626 te
1795 2589 1833 2626 el

587 2802 626 2822 11.
648 2793 764 2821 Codd.:
786 2793 827 2820 ad
845 2794 1011 2821 dominum.
1089 2794 1131 2821 13.
1155 2792 1271 2821 Codd.:
1294 2792 1399 2820 Marci
1417 2792 1521 2820 XXVI.

587 2879 616 2910 3.
644 2880 690 2909 St.
716 2877 904 2920 Augustini
929 2877 987 2908 ubi
1014 2886 1117 2918 supra
1143 2886 1175 2918 p.
1206 2876 1281 2908 320.

1871 713 1951 754 173²
