2078 3338
212 250 301 278 CAP.
318 240 384 297 xl]
604 255 664 286 DE
689 254 971 286 Po'rEs‘rATE
998 255 1131 286 PAPE.

208 363 409 413 propter
439 359 609 399 fastum
649 364 725 398 aut
758 363 976 412 questum
1009 359 1227 400 subditos
1261 359 1526 401 infundabi-

209 429 318 469 liter
347 429 391 469 in
427 429 703 469 servitutem
735 428 966 483 redigere.

266 498 405 539 Unde
444 499 576 540 soleo
617 499 774 539 dicere
813 499 1087 552 frequenter
1117 499 1165 539 in
1196 499 1285 540 ista
1322 501 1528 552 materia,

209 569 338 622 quod
373 568 480 609 talia
511 574 713 622 possunt
744 570 867 608 bene
899 569 1013 619 fieri,
1057 570 1141 609 sed
1173 569 1212 610 si
1243 571 1367 610 bene
1398 571 1527 621 fiunt,

89 649 170 685 238³
207 638 395 691 trepido
425 639 429 689 Ι
458 639 537 678 vel
581 652 675 678 non
721 638 839 680 dico.
899 638 961 679 Et
1003 639 1191 692 quando
1237 640 1448 693 queritur
1490 642 1529 681 si

208 713 401 761 oportet
432 707 499 748 sic
521 708 637 758 fieri,
672 709 847 761 detego
869 709 1113 750 libertates
1142 710 1356 752 ecclesie.
1391 710 1527 752 Unde

209 777 406 817 credunt
436 778 570 818 multi
602 778 729 831 quod
760 784 1064 819 reservantes
1104 780 1434 820 absoluciones
1469 784 1526 822 ab

207 847 669 898 excomunicacione‚
704 849 760 888 ab
794 847 883 888 alio
915 848 1105 888 crimine
1127 849 1204 889 vel
1228 848 1313 889 alia
1329 863 1528 890 censura

203 917 425 970 imposita
477 918 620 958 stulte
683 931 801 971 sepe
852 918 1108 972 imponitur
1160 919 1218 959 ad
1269 933 1527 972 gravamen

153 1010 190 1029 10
206 986 422 1037 ecclesie,
467 993 518 1027 ut
561 987 673 1027 licet
715 989 857 1028 homo
896 988 1050 1041 possit
1086 988 1325 1028 meritorie
1356 995 1525 1042 petere

203 1056 467 1097 Romanam
501 1057 686 1107 curiam,
721 1063 769 1098 et
799 1058 904 1098 talis
928 1058 1167 1098 ordinacio
1195 1072 1283 1111 per
1306 1059 1526 1101 accidens

202 1127 356 1180 prosit
388 1126 558 1178 multis,
591 1127 769 1168 faciens
803 1141 886 1168 eos
917 1127 1108 1168 timidos
1137 1129 1194 1168 ad
1215 1130 1524 1182 peccandum⁷

202 1201 531 1236 verumtamen
547 1196 839 1238 communius
861 1198 985 1250 sapit
1004 1203 1255 1251 peccatum
1275 1198 1323 1238 in
1339 1200 1523 1252 prelato

204 1271 251 1306 et
294 1266 657 1307 sollicitudinem
699 1267 1179 1320 preternecessariam
1221 1267 1269 1307 in
1321 1268 1523 1310 subdito.

149 1347 185 1379 15
204 1335 282 1377 Sic
316 1336 444 1389 quod
474 1336 640 1378 melius
672 1336 799 1378 foret
829 1337 987 1378 multis
1028 1338 1154 1378 domi
1190 1338 1522 1379 satisfaciendo

202 1406 395 1457 conteri,
430 1411 478 1446 et
509 1406 792 1460 quicumque
829 1407 1001 1448 dixerit
1033 1408 1162 1461 quod
1186 1421 1289 1448 cum
1315 1409 1407 1448 hoc
1428 1422 1524 1449 non

199 1481 364 1529 potest
414 1476 584 1516 salvari
635 1481 836 1529 propter
888 1477 1214 1517 obedienciam
1259 1477 1522 1518 faciendam

198 1545 489 1586 ordinacioni
509 1545 753 1599 prepositi‚
785 1547 1006 1600 negando
1028 1547 1294 1587 libertatem
1319 1548 1521 1589 ecclesie

198 1615 544 1670 transgreditur
586 1616 743 1669 legem
787 1616 891 1657 Dei.
953 1616 1008 1656 In
1051 1616 1177 1657 votis
1230 1617 1419 1670 quidem
1473 1624 1521 1659 et

144 1705 184 1725 20
199 1685 580 1738 obligacionibus
613 1686 758 1726 stulte
802 1686 939 1726 factis
985 1692 1178 1740 oportet
1209 1687 1427 1740 penitere
1460 1689 1518 1728 de

198 1754 402 1796 stulticia
423 1760 470 1795 et
490 1755 706 1809 spiritum
722 1756 904 1796 consilii
924 1756 1150 1809 flagitare.
1174 1757 1315 1797 Unde
1330 1757 1519 1798 videtur

195 1825 285 1865 illis
331 1825 459 1878 quod
490 1839 585 1866 non
632 1831 704 1866 est
748 1826 880 1867 color
926 1827 1208 1867 concludere
1252 1828 1381 1880 quod
1424 1829 1516 1868 tale

198 1895 442 1935 decretum
497 1896 774 1936 reservandi
827 1902 899 1937 est
948 1896 1138 1949 licitum,
1196 1897 1235 1938 si
1291 1897 1517 1938 subiectis

196 1965 413 2006 timorem
435 1964 603 2006 incutit
625 1966 683 2005 ad
705 1967 1015 2019 peccandum;
1041 1980 1178 2006 omne
1204 1967 1325 2007 enim
1347 1968 1515 2007 malum

140 2042 284 2089 25per
336 2034 557 2076 accidens
609 2035 721 2077 facit
770 2037 961 2087 bonum,
1013 2037 1138 2076 unde
1182 2036 1321 2077 timor
1365 2037 1515 2078 filialis

199 2107 344 2147 debet
379 2106 526 2147 incuti
563 2119 652 2159 per
683 2111 890 2146 sanctam
922 2105 1301 2159 predicacionem
1333 2108 1515 2160 prelati,

197 2182 244 2217 et
294 2190 389 2217 non
440 2177 580 2217 timor
630 2176 814 2216 servilis
866 2176 1026 2216 iudicii
1075 2190 1165 2229 per
1208 2177 1514 2218 exaccionem

193 2247 367 2301 prelati
411 2246 602 2287 cesarei.
663 2246 724 2287 Et
768 2246 835 2286 sic
879 2246 1067 2287 videtur
1098 2247 1250 2298 michi,
1295 2248 1424 2300 quod
1467 2249 1513 2289 in

196 2330 495 2370 quocumque
530 2330 641 2358 casu
674 2316 952 2357 christianus
989 2330 1085 2356 non
1117 2317 1262 2357 debet
1295 2317 1512 2371 accipere

138 2393 180 2426 30
196 2386 320 2427 dicta
352 2392 642 2426 sacramenta
673 2400 698 2426 a
728 2387 880 2439 layco,
916 2400 1018 2426 cum
1050 2387 1142 2426 hoc
1174 2387 1300 2427 foret
1334 2387 1511 2428 christi-

195 2456 419 2496 anismum
451 2455 687 2497 serviliter
725 2455 1000 2497 altrinsecus
1034 2469 1242 2498 onerare.
1292 2457 1512 2510 Dignitas

194 2530 348 2565 autem
371 2530 769 2565 sacramentorum
790 2526 1034 2578 pensanda
1058 2525 1276 2567 consistit
1295 2526 1343 2566 in
1366 2526 1511 2580 digni-

191 2601 289 2637 tate
320 2595 403 2646 rei,
436 2595 715 2636 sacramenti
748 2600 797 2636 et
828 2608 911 2636 sua
945 2595 1165 2636 efficacia.

265 2810 303 2829 11.
325 2801 427 2829 Codd‘.
447 2802 478 2829 in
499 2810 614 2837 marg:
644 2801 769 2829 Romam
795 2802 885 2829 adire
908 2810 967 2836 pro
991 2805 1128 2836 peccato.
1205 2804 1248 2830 18.
1269 2803 1376 2830 Recte:
1404 2810 1431 2830 ez
1457 2812 1510 2831 ne-

189 2848 305 2884 gando.
381 2856 421 2882 10.
446 2848 547 2876 Codd.
568 2848 598 2875 in
622 2856 737 2883 marg.:
764 2847 869 2875 Votum
894 2848 1120 2884 stultefaclum
1146 2848 1265 2876 deletur
1288 2857 1346 2884 per
1368 2850 1506 2885 peniten-

191 2895 277 2921 ciam.
352 2902 399 2929 27.
424 2893 540 2922 Codd.:
561 2894 667 2921 iudici.

1584 508 1729 536 Mischief
1746 510 1778 537 of

1606 545 1746 571 reserved

1585 578 1771 609 absolution.

1559 1622 1658 1650 which
1680 1624 1705 1650 is
1727 1629 1779 1651 not

1558 1658 1647 1685 made
1669 1667 1708 1692 up
1732 1659 1779 1686 for

1550 1693 1589 1728 by
1610 1693 1777 1720 accident-„11

1599 1728 1737 1755 benetits.
