2078 3338
222 278 305 315 404

952 274 1175 307 JOHANNIS
1201 274 1387 306 WYCLIF

511 380 639 433 quod
671 380 763 421 stul
792 379 796 433 Ι
824 385 921 420 tum
954 385 1028 420 est
1057 391 1286 432 pompare
1320 378 1378 418 de
1411 376 1640 431 dignitate
1662 382 1824 427 status,
1871 375 1953 418 251¹?

513 455 561 490 et
591 449 740 490 tercio
774 450 904 503 quod
925 463 1021 490 non
1045 454 1118 489 est
1137 447 1387 502 pompacio
1417 460 1478 488 ex
1499 447 1635 488 titulo
1659 446 1824 487 sancti-

509 519 630 571 tatis‚
677 525 726 559 et
770 532 1019 572 exponens
1053 518 1222 559 diffuse
1262 517 1632 571 descripcionem
1665 522 1825 557 sextu-

508 588 679 642 plicem
723 588 1074 642 pseudochristi
1112 601 1174 628 ex
1212 587 1413 640 epistola
1450 586 1589 627 Yude
1629 585 1829 639 exponit

509 658 759 714 tripliciter
791 658 902 711 quid
934 657 1046 698 dicit
1074 657 1410 710 Crysostomus
1443 657 1502 696 de
1532 655 1748 709 primatu,
1782 660 1859 695 et5

511 727 829 767 confirmando
868 741 956 780 per
992 728 1147 781 legem
1185 725 1419 780 triplicem
1469 725 1598 779 quod
1630 726 1828 765 humana

511 797 689 837 eleccio
733 810 831 837 non
878 796 990 837 facit
1038 798 1299 836 membrum
1351 795 1564 846 ecclesie,
1624 794 1829 835 inculcat

509 867 748 919 quomodo
781 867 920 906 sedes
951 871 1204 914 mutantur,
1237 865 1476 918 quomodo
1507 869 1700 918 oportet
1722 864 1826 904 ado-

509 949 610 975 rare
654 936 809 976 Deum
852 935 899 975 in
944 934 1113 988 spiritu
1158 940 1206 975 et
1248 934 1448 975 veritate
1496 939 1544 975 et
1588 933 1826 987 quomodo

509 1004 832 1045 abhominacio
886 1004 1203 1046 desolacionis
1265 1004 1494 1045 catholice
1545 1009 1711 1058 potest
1759 1003 1826 1043 in·
1847 1021 1885 1043 10

508 1073 671 1127 telligi.

568 1143 833 1197 Capitulum
856 1144 1087 1184 decimum
1111 1143 1266 1197 arguit
1293 1142 1627 1197 sextupliciter
1664 1148 1828 1183 contra

510 1213 652 1253 dicta:
707 1214 859 1267 primo
903 1228 991 1267 per
1033 1215 1138 1266 hoc,
1184 1214 1313 1267 quod
1357 1213 1458 1254 sine
1495 1212 1579 1254 tali
1621 1211 1826 1252 dominio

508 1296 604 1323 non
627 1282 871 1324 sufficeret
886 1283 990 1337 quis
1014 1284 1071 1323 ad
1092 1284 1262 1337 papale
1285 1282 1502 1335 officium,
1528 1288 1575 1323 et
1595 1282 1826 1322 narrando

511 1352 745 1393 cronicam
785 1354 844 1393 de
880 1353 1127 1406 irregulari
1163 1353 1403 1406 peticione
1441 1351 1640 1392 subsidii
1678 1350 1882 1392 cuius-15

509 1423 615 1462 dam
658 1435 786 1475 pape
819 1422 877 1462 de
911 1421 1112 1462 ecclesia
1144 1422 1408 1476 Anglicana
1443 1421 1707 1475 respondet
1752 1421 1826 1460 de-

507 1492 717 1544 tegendo
743 1491 1018 1532 versuciam.
1051 1490 1275 1533 Secundo
1297 1491 1443 1532 obicit
1463 1504 1550 1544 per
1574 1492 1665 1531 hoc
1698 1490 1828 1544 quod

508 1574 632 1614 papa
661 1561 807 1600 habet
836 1560 965 1601 illum
996 1560 1247 1614 primatum
1277 1560 1546 1601 immediate
1576 1560 1743 1610 a‘Deo‚
1779 1566 1828 1600 ut

507 1631 683 1684 allegat
703 1631 945 1671 decretum
965 1630 1119 1670 XXII
1142 1630 1472 1677 distinccione;
1498 1635 1546 1671 et
1565 1630 1829 1684 respondet

509 1700 751 1740 declarans
791 1700 1027 1753 quomodo
1060 1713 1185 1753 papa
1217 1713 1279 1740 ex
1317 1699 1568 1740 dotacione
1606 1699 1825 1741 insolubi-
1845 1717 1886 1738 20

508 1769 616 1810 liter
645 1769 907 1810 involvitur
939 1775 987 1810 et
1019 1770 1258 1823 quomodo
1291 1783 1416 1823 papa
1438 1769 1618 1810 excidit
1640 1783 1665 1810 a
1685 1769 1826 1823 privi-

507 1839 636 1893 legio
662 1839 938 1880 conferendi
960 1839 1214 1893 dignitates
1239 1840 1441 1880 ecclesie
1476 1853 1565 1893 per
1584 1840 1676 1880 hoc
1699 1841 1827 1894 quod

508 1909 695 1962 preficit
714 1909 951 1963 indignos,
985 1915 1033 1950 et
1054 1909 1203 1950 tercio
1226 1923 1417 1950 narrans
1441 1911 1498 1950 de
1522 1910 1826 1951 absolucione

510 1992 534 2018 a
565 1992 687 2032 pena
720 1984 768 2020 et
789 1993 816 2019 a
839 1980 976 2032 culpa
999 1979 1206 2020 declarat
1238 1980 1477 2033 quomodo
1512 1979 1560 2019 in
1580 1979 1673 2020 isto
1698 1981 1827 2021 credi

508 2049 652 2089 debet
685 2049 974 2099 doctoribus,
1009 2054 1056 2089 et
1087 2049 1336 2090 obiciendo
1376 2049 1604 2090 dissolvit.
1656 2050 1826 2092 Tercio
1844 2055 1883 2088 25

509 2118 656 2158 obicit
697 2118 1022 2171 principaliter
1064 2132 1151 2172 per
1192 2119 1283 2159 hoc
1329 2120 1458 2172 quod
1501 2119 1632 2160 multi
1677 2120 1827 2161 sancti

509 2186 725 2240 episcopi
777 2194 825 2228 et
876 2188 1114 2228 seculares
1159 2189 1485 2241 approbarunt
1529 2188 1825 2230 dotacionem

508 2269 763 2305 cesaream;
799 2263 846 2297 et
876 2257 1151 2310 respondet,
1183 2257 1346 2298 dicens
1379 2257 1509 2310 quod
1535 2257 1582 2298 in
1603 2259 1695 2299 hoc
1718 2273 1825 2313 pec-

512 2332 735 2367 caverant
764 2327 871 2380 plus
893 2328 972 2367 vel
1002 2326 1173 2378 minus;
1205 2327 1314 2367 ideo
1339 2340 1443 2367 cum
1467 2328 1596 2368 solus
1613 2327 1825 2370 Christus

506 2397 580 2436 ve]
608 2395 886 2437 christianus
919 2397 1177 2437 secundum
1209 2397 1445 2437 racionem
1490 2410 1580 2450 qua
1612 2398 1826 2451 sequitur
1843 2404 1884 2436 30

509 2465 742 2506 Christum
787 2472 860 2507 est
904 2468 1177 2520 sequendus
1220 2472 1370 2520 patet,
1429 2467 1558 2520 quod
1613 2481 1709 2508 non
1753 2481 1824 2509 se-

509 2535 677 2588 quitur,
723 2535 762 2576 si
805 2536 956 2577 sancti
1002 2535 1081 2590 qui
1123 2542 1446 2589 peccaverunt
1489 2537 1712 2578 continue
1757 2538 1825 2578 sic

508 2604 735 2657 fecerunt,
772 2610 885 2646 tunc
921 2605 969 2646 in
1004 2607 1096 2646 hoc
1137 2611 1211 2646 est
1241 2606 1419 2646 licitum
1451 2606 1587 2660 sequi
1617 2606 1737 2658 illos,
1777 2613 1826 2649 et

506 2676 772 2728 respondet
806 2676 864 2716 ad
899 2675 1140 2716 obiectum
1173 2689 1266 2729 quo
1288 2676 1483 2729 fingitur
1515 2677 1643 2729 quod
1675 2677 1825 2718 sancti

506 2758 600 2784 non
634 2744 940 2798 penituerunt
973 2746 1031 2785 de
1063 2745 1155 2786 isto
1190 2745 1377 2797 delicto,
1425 2751 1473 2786 et
1506 2746 1563 2786 ad
1585 2746 1824 2788 obiectum
1841 2753 1881 2785 35

576 2913 604 2939 4.
626 2905 664 2932 B:
687 2907 716 2932 el
734 2905 872 2940 epistola.
949 2904 991 2933 15.
1014 2904 1132 2934 Codd.:
1153 2906 1359 2941 irregularia.
