2078 3338
176 287 265 315 CAP.
286 277 382 330 VIII]
575 288 634 319 DE
660 286 943 319 POTESTATE
969 287 1100 320 PAPE.

169 394 386 433 nenando
430 392 578 445 magis
613 391 788 432 diutine
829 392 1180 445 dampnificavit
1218 392 1486 442 ecclesiam3

171 468 220 503 et
249 463 416 502 iterum
450 462 604 501 clerus
637 475 699 501 ex
731 460 930 501 avaricia
960 461 1096 501 nimis
1141 462 1492 515 dampnificavit

169 532 422 585 imperium,
476 537 522 571 et
574 531 702 584 quod
752 532 859 584 plus
905 537 978 572 est
1022 531 1153 571 dedit
1195 531 1491 585 principibus

169 601 490 655 perniciosum
535 601 804 654 exemplum
850 602 909 641 de
954 601 1078 641 omni
1118 615 1294 656 genere
1326 615 1491 654 pecca-

53 669 133 701 203³
170 676 336 724 torum,
371 676 420 711 et
451 672 577 724 quod
611 676 684 712 est
712 670 716 726 Ι
743 670 1126 722 infidelissimum,
1162 672 1397 711 obmutuit
1426 671 1491 711 in—

171 745 405 782 crassatus
444 740 684 793 corripere
716 741 791 780 vel
832 741 1017 781 docere.
1069 740 1187 780 Nam
1221 746 1330 781 ante
1365 741 1491 781 dota-

171 809 353 850 cionem
384 810 569 860 Petrus,
605 809 833 861 Clemens,
870 810 1122 850 Marcellus
1156 815 1204 849 et
1235 810 1311 850 alii
1343 810 1493 851 sancti

169 879 375 919 Romani
429 878 646 932 episcopi
698 892 847 932 usque
879 880 939 919 ad
985 885 1183 919 mortem
1223 879 1496 920 dilexerunt

171 962 380 990 cesarem
414 954 462 989 et
485 949 585 990 eius
607 950 837 1002 populum
860 949 1077 989 docendo
1103 954 1150 989 et
1178 948 1491 1002 corripiendo.

1703 279 1778 328 169

1542 1004 1749 1031 Endowment

115 1041 154 1061 10
171 1017 268 1060 Sed
299 1024 551 1072 postquam
576 1019 725 1059 dotati
754 1024 875 1072 sunt,
908 1020 1247 1059 laboraverunt
1268 1018 1493 1059 vecordia
1508 1039 1596 1066 made
1611 1039 1660 1066 the
1681 1039 1782 1074 clesgy

1557 1073 1642 1100 shirk
1661 1073 1740 1100 their

170 1093 309 1142 atque
353 1088 609 1141 blasfemia,
652 1088 877 1129 vecordia
920 1089 1128 1129 timendo
1175 1088 1332 1128 dicere
1369 1088 1492 1141 prin·
1507 1108 1581 1143 duty
1596 1108 1782 1143 ofteaching

170 1158 355 1211 cipibus
401 1164 449 1198 et
485 1158 677 1212 populis
717 1172 800 1200 sua
837 1158 972 1212 vicia,
1018 1158 1129 1212 quin
1166 1158 1335 1212 pocius
1369 1159 1491 1198 lacte

169 1227 455 1269 adulacionis
513 1228 842 1268 mollificarunt
899 1233 947 1268 et
1005 1228 1324 1269 dissolverunt
1380 1241 1492 1269 suos

169 1297 399 1349 dominos,
428 1303 479 1338 ut
503 1299 656 1338 dando
680 1298 770 1339 illis
793 1298 1072 1351 temporalia
1095 1302 1260 1338 contra
1280 1298 1493 1352 regulam

117 1367 341 1410 15Christi
387 1367 723 1421 dampnificent
766 1381 818 1408 se
852 1373 900 1407 et
929 1367 1048 1409 illos.
1100 1367 1163 1407 Et
1200 1367 1349 1408 tercio
1384 1381 1492 1420 pro-

168 1443 392 1491 rumpunt
422 1437 469 1477 in
501 1437 703 1478 maiores
734 1437 944 1491 ingratas
965 1437 1246 1490 blasfemias,
1279 1437 1494 1477 dicentes

170 1508 295 1560 quod
338 1521 432 1548 non
474 1508 743 1548 habuerunt
777 1507 1071 1548 dotacionem
1102 1507 1227 1547 illam
1261 1520 1286 1547 a
1320 1520 1495 1557 cesare,

170 1578 257 1617 sed
276 1577 378 1617 iure
402 1577 720 1619 successionis
745 1576 917 1618 Christi
940 1582 988 1617 et
1018 1577 1164 1629 Petri,
1198 1576 1277 1630 qui
1304 1576 1496 1616 fuerunt

171 1660 348 1688 summe
379 1647 537 1688 taliter
569 1647 804 1688 dominati.
836 1647 953 1687 Ideo
986 1660 1082 1687 non
1116 1647 1258 1687 docet
1281 1659 1365 1687 eos
1387 1645 1494 1686 visi-

114 1736 156 1757 20
169 1721 268 1757 tare
300 1716 543 1770 principes
582 1721 630 1757 et
663 1717 730 1758 eis
761 1716 993 1770 impertiri
1029 1716 1205 1770 aliquid
1240 1715 1495 1769 spiritualis

172 1786 400 1841 doctrine,
440 1788 526 1828 sed
562 1786 772 1828 residere
806 1786 1093 1840 ubicumque
1125 1785 1377 1838 voluerint,
1415 1785 1493 1825 im-

170 1862 512 1911 peratoresque
553 1862 601 1896 et
637 1870 781 1910 reges
819 1857 1053 1897 advocare
1094 1862 1142 1897 et
1176 1855 1497 1897 abiectissima

170 1928 404 1967 mundana
446 1926 646 1967 servicia
687 1926 996 1981 imperialiter
1041 1927 1100 1966 ab
1147 1926 1214 1967 eis
1264 1925 1494 1979 recipere.

171 1996 282 2037 Non
314 1997 380 2037 sic
412 1996 527 2037 fecit
548 1997 732 2048 Petrus,
763 1997 873 2036 ideo
906 1996 1101 2036 indubie
1131 1996 1343 2037 dissonat
1365 1996 1495 2036 scole

116 2074 155 2107 25
174 2066 358 2115 Christi,
393 2080 496 2107 cum
527 2072 637 2120 post
657 2066 1105 2120 multiplicacionem
1129 2066 1361 2106 donorum
1384 2070 1495 2105 tem-

171 2136 401 2190 poralium
425 2141 699 2190 satagerent
719 2136 956 2177 visitando
982 2138 1251 2187 donatores,
1277 2134 1495 2175 humilius

170 2207 422 2247 refundere
453 2206 658 2260 pociora.
692 2205 789 2248 Sed
820 2206 923 2260 quis
947 2211 1039 2246 tam
1069 2206 1285 2260 ingratus
1309 2204 1495 2245 Christo

173 2276 332 2316 abbati
375 2290 471 2317 non
518 2276 644 2316 foret
703 2275 918 2331 ingratus
983 2275 1231 2329 proximo?
1284 2274 1497 2315 Christus

175 2347 296 2387 enim
339 2348 401 2387 ob
445 2359 652 2386 amorem
696 2345 847 2387 nostri
879 2345 1012 2387 venit
1055 2358 1233 2386 summe
1275 2344 1416 2397 inops
1450 2349 1498 2383 et

117 2424 160 2456 30
175 2429 369 2470 egenus,
402 2422 453 2456 ut
475 2415 644 2456 dicitur
665 2415 724 2456 II.
743 2416 845 2457 Cor.
868 2416 987 2455 VIII
1009 2416 1068 2455 ad
1089 2415 1242 2464 finem,
1267 2419 1314 2454 et
1336 2419 1388 2453 ut
1409 2426 1497 2453 nos

175 2485 333 2526 clerici
348 2491 396 2526 et
418 2486 687 2540 specialiter
701 2485 833 2526 Petri
853 2484 1014 2525 vicarii
1030 2485 1242 2525 vivamus
1275 2483 1497 2524 similiter.

231 2556 439 2596 Econtra
489 2561 646 2596 autem
706 2568 794 2596 nos
850 2568 934 2607 pro
994 2553 1390 2594 excusacionibus
1451 2552 1499 2592 in

173 2625 386 2679 peccatis
429 2625 649 2678 fingimus
688 2626 747 2664 de
786 2638 843 2664 eo
881 2624 1161 2664 blasfemum
1203 2622 1499 2663 mendacium

246 2785 275 2814 6.
302 2786 356 2813 AB
386 2786 415 2813 in
447 2793 562 2819 marg:
592 2785 840 2812 Predicaverunt
867 2792 1004 2820 epzscopz
1032 2783 1163 2811 Romam
1192 2786 1265 2810 ante
1293 2782 1497 2810 dotacionem.

179 2840 224 2860 12.
255 2833 308 2859 ΑΒ
341 2832 372 2859 in
405 2840 519 2867 marg:
554 2832 687 2859 Dotacio
725 2831 924 2867 imperatoris
960 2830 1088 2858 deduxit
1124 2833 1153 2856 et
1183 2829 1343 2864 multiplex
1374 2829 1498 2855 malum.

179 2886 226 2912 24.
254 2878 380 2911 Petrus‚·
408 2878 516 2905 codd.:
543 2878 576 2905 Ρ.
650 2886 699 2913 27.
727 2877 844 2905 Codd.:
869 2877 993 2905 Christi.
1068 2875 1117 2904 30.
1136 2875 1234 2911 finem
1260 2874 1331 2908 XV‚-
1360 2874 1497 2902 Rectius:

183 2924 255 2957 VIII,
276 2932 314 2960 9;
333 2924 391 2951 XV
406 2936 437 2948 =
460 2926 493 2952 15
514 2925 636 2951 videtur
655 2932 739 2952 esse:
760 2927 798 2951 et.

1536 1142 1596 1170 and
1618 1143 1753 1177 reproof.
