2078 3338
228 243 279 280 66

259 365 348 392 Laws
369 364 471 392 would

276 404 329 427 not
350 400 385 426 be
407 404 449 426 set

229 434 314 461 aside
334 438 440 468 except
463 442 495 460 so

271 470 316 496 far
337 476 372 496 as
389 469 460 504 they

240 512 320 531 were
340 503 492 531 heretical.

271 1619 291 1644 lt
313 1626 338 1644 is
360 1617 471 1650 argued

266 1653 328 1679 ibat
348 1652 475 1679 without

245 1687 390 1714 elections
411 1687 502 1713 order

256 1721 359 1749 would
383 1721 434 1748 fail
456 1722 486 1749 in

270 1757 318 1783 the
341 1756 475 1784 Churcl».

253 2116 331 2143 This
353 2117 377 2143 is
399 2116 492 2151 doing

254 2153 309 2178 evi!
333 2152 396 2178 that
417 2152 497 2186 good

280 2195 348 2222 ma)>
369 2195 466 2213 come.

267 2534 335 2561 (iod
359 2534 414 2561 has
436 2539 487 2561 not

281 2569 418 2605 engaged
439 2574 470 2596 to

269 2606 398 2632 confirm
420 2612 478 2633 anv

247 2640 374 2667 election
395 2635 496 2666 made.

970 248 1192 281 JOHANNIS
1218 248 1404 284 WYCLIF
1656 236 1760 291 [CAP.
1785 246 1839 274 IV.

579 354 675 395 Sed
721 359 923 407 negetur
956 353 1080 407 illud,
1131 352 1219 392 nisi
1263 351 1385 392 forte
1432 358 1663 393 vocentur
1706 354 1839 406 leges

519 425 727 476 hereses,
774 423 944 476 quibus
988 422 1230 462 intricatur
1271 422 1479 463 ecclesia.
1529 421 1684 463 Nichil
1719 423 1837 463 enim

520 499 593 534 est
625 493 773 546 magis
805 492 1063 532 hereticum
1089 504 1223 545 quam
1255 491 1559 544 pertinaciter
1581 491 1840 531 defendere

520 564 648 616 quod
682 575 738 602 eo
770 562 875 614 ipso
900 574 993 614 quo
1020 561 1255 601 electores
1280 561 1356 600 vel
1378 560 1524 601 maior
1545 575 1653 614 pars
1679 574 1838 601 eorum

521 631 815 672 consenserit
845 631 954 671 viva
986 644 1107 671 voce
1153 631 1409 672 secundum
1448 630 1564 672 ritus
1601 631 1839 671 hominum

519 702 564 742 in
580 714 830 755 personam
854 702 1064 755 aliquam,
1088 714 1143 741 eo
1165 701 1271 754 ipso
1289 701 1365 741 illa
1378 713 1583 753 persona
1605 701 1837 754 legittime

522 778 594 812 est
618 772 786 818 electa;
812 777 1006 824 oportet
1030 771 1149 811 enim
1167 771 1434 810 subducere
1458 770 1839 811 subduccionem.

522 842 628 895 quia
661 847 754 881 stat
784 841 831 881 in
868 841 1067 894 culpatis
1103 840 1393 881 electoribus
1423 841 1550 893 quod
1573 841 1754 880 electus
1779 840 1837 880 sit

520 911 754 964 pessimus
788 911 1086 951 antichristus
1122 916 1168 950 et
1200 916 1292 950 stat
1320 910 1425 950 illos
1448 924 1604 950 amore
1627 911 1704 950 vel
1729 911 1837 950 odio

522 981 699 1033 eligere
733 994 985 1034 personam
1018 981 1064 1020 in
1089 994 1224 1034 quam
1247 981 1381 1020 Deus
1404 994 1499 1020 non
1533 980 1839 1032 consenserit,

522 1051 642 1091 sicut
695 1057 787 1091 stat
837 1051 969 1104 ipsos
1021 1052 1141 1091 male
1188 1051 1365 1104 eligere
1410 1063 1661 1103 personam
1711 1050 1840 1089 cuius

523 1120 811 1161 eleccionem
844 1120 1079 1174 passivam
1112 1122 1245 1161 Deus
1279 1122 1525 1173 approbat.
1566 1119 1681 1160 Ideo
1717 1119 1841 1159 idem

520 1192 611 1231 hoc
655 1190 780 1231 foret
825 1191 1019 1231 credere
1067 1196 1114 1231 et
1159 1191 1392 1231 electores
1427 1191 1659 1230 extollere
1699 1202 1843 1242 super

523 1261 692 1313 Deum,
727 1260 835 1314 quia
866 1260 1099 1301 ratificare
1132 1274 1219 1314 per
1252 1273 1335 1300 eos
1373 1260 1661 1300 eleccionem
1686 1260 1842 1313 quoad

522 1343 774 1382 personam
821 1330 946 1383 apud
976 1330 1132 1371 Deum
1164 1330 1432 1382 inhabilem,
1479 1331 1606 1382 quod
1638 1328 1842 1370 Trinitas

523 1413 616 1440 non
649 1405 813 1453 potest
833 1400 1004 1441 facere.
1036 1399 1152 1440 Ideo
1176 1400 1243 1440 illi
1266 1400 1344 1454 qui
1365 1399 1637 1452 religiosius
1663 1399 1844 1452 eligunt

524 1469 757 1509 subducta
778 1469 1079 1510 revelacione
1103 1470 1254 1510 solum
1277 1469 1513 1523 probabili
1536 1468 1843 1522 reputacione

524 1538 868 1592 pronuncciant
898 1552 987 1592 pro
1023 1540 1189 1580 electo,

586 1608 683 1649 Sed
716 1610 926 1649 secundo
959 1609 1216 1662 replicatur
1248 1622 1334 1663 per
1365 1610 1455 1649 hoc
1489 1609 1616 1663 quod
1650 1614 1845 1662 oportet

526 1693 614 1733 pro
648 1680 875 1720 salvando
911 1693 1051 1720 cursu
1084 1685 1131 1720 et
1163 1684 1286 1720 statu
1319 1679 1521 1720 ecclesie
1558 1678 1766 1719 incidere
1798 1678 1845 1718 in

526 1750 643 1789 tales
678 1762 862 1789 errores
897 1749 1217 1802 absconditos,
1251 1763 1310 1789 ne
1341 1748 1542 1789 ecclesia
1565 1748 1846 1789 destituatur

525 1819 768 1873 regimine.
798 1821 801 1870 Ι
832 1817 928 1860 Sed
980 1819 1068 1859 iste
1123 1825 1196 1859 est
1248 1818 1537 1860 communior
1587 1820 1748 1872 lapsus
1800 1819 1845 1858 in

524 1889 743 1942 heresim,
798 1903 887 1942 qua
933 1889 1273 1943 dogmatizatur
1318 1891 1601 1942 peccandum
1656 1902 1748 1930 esse
1801 1892 1846 1929 nl

526 1961 691 2000 bonum
725 1961 906 2000 evenias.
942 1960 1139 2000 Constat
1173 1959 1361 2012 quidem
1399 1973 1458 1999 ex
1481 1960 1574 1999 fide
1607 1960 1734 2013 quod
1758 1973 1844 2012 pro

1857 638 1872 669 5

1862 998 1899 1017 Η)

1864 1334 1899 1366 15

1861 1695 1902 1716 20

526 2034 628 2069 toto
682 2029 855 2069 mundo
909 2043 1002 2069 non
1057 2029 1350 2069 consentiret
1395 2028 1549 2069 fidelis
1602 2029 1843 2069 mendacio
1862 2035 1901 2067 23

529 2100 802 2150 electorum,
851 2099 972 2139 sicut
1015 2113 1102 2139 nec
1136 2100 1369 2140 electores
1405 2105 1567 2140 contra
1599 2098 1845 2139 veritatem

528 2169 762 2221 eligerent
794 2183 934 2210 unum
968 2170 1220 2210 inhabilem
1254 2184 1391 2223 quem
1423 2171 1556 2210 Deus
1588 2169 1718 2222 prius
1751 2182 1845 2208 non

529 2239 729 2292 elegerit
762 2246 809 2280 et
838 2240 1167 2281 habilitaverit.
1199 2241 1260 2281 Et
1294 2246 1430 2294 patet
1452 2241 1580 2293 quod
1603 2239 1846 2279 sentencia

529 2308 832 2349 electivarum
866 2311 1024 2362 legum
1059 2311 1204 2351 debet
1236 2323 1508 2364 supponere
1539 2315 1696 2350 cetera
1717 2308 1846 2362 paria

529 2385 576 2419 et
609 2377 867 2419 conformia
899 2380 945 2419 in
977 2380 1309 2433 preeleccione
1346 2379 1514 2431 divina,
1561 2379 1668 2433 quia
1712 2378 1847 2419 aliter

529 2454 602 2489 est
635 2447 762 2489 dicta
794 2449 992 2489 maxima
1025 2462 1202 2489 summe
1234 2449 1541 2503 impossibilis
1572 2454 1619 2489 et
1640 2448 1845 2488 fidelium

529 2518 787 2558 seductiva.
811 2518 913 2559 Nec
936 2518 1100 2572 aliquis
1123 2518 1275 2559 fidelis
1298 2520 1355 2559 ad
1378 2524 1555 2559 tantum
1579 2518 1844 2569 infatuatur,

528 2594 579 2627 ut
625 2589 783 2628 credat
813 2588 969 2628 Deum
1015 2602 1076 2628 ex
1120 2594 1261 2642 pacto
1296 2588 1584 2629 electoribus
1624 2587 1845 2628 assistere

531 2662 578 2697 et
622 2670 750 2697 suam
796 2657 1085 2698 eleccionem
1124 2658 1475 2711 qualiscumque
1509 2657 1650 2697 fuerit
1684 2656 1843 2697 confir-

603 2848 643 2874 ις).
665 2841 688 2866 Α
713 2840 742 2867 in
766 2848 881 2876 marg:
905 2847 932 2867 2.
966 2841 1135 2868 Elecciom's
1155 2842 1240 2878 leges
1261 2842 1412 2877 quomodo
1432 2844 1502 2868 sunl
1522 2842 1731 2876 intelligentie.
1759 2841 1844 2868 Elec-

528 2886 625 2912 ciwnsx
647 2887 754 2912 nma'm·
776 2887 804 2913 in
825 2888 991 2921 prelatum.
1075 2889 1121 2914 ΞΝ.
1146 2888 1262 2914 findet:
1285 2888 1512 2914 lmnn'lslaverst.

1863 2384 1904 2416 30
