2078 3338
182 276 271 304 CAP.
300 265 382 323 XII]
572 279 629 309 DE
656 278 937 310 PO'l'Es'l‘ATE
964 280 1093 312 PAPE.

179 382 498 436 multipliciter
528 384 761 433 oberrare,
793 382 987 423 intendo
1010 382 1159 423 tercio
1184 389 1232 423 et
1253 389 1498 436 protestor

182 453 308 506 quod
347 453 488 493 docto
527 466 615 506 per
646 466 827 506 papam,
867 467 953 506 per
992 454 1325 506 quodcumque
1359 466 1496 493 mem-

179 524 314 562 brum
348 521 549 562 ecclesie
582 523 660 562 vel
692 522 892 575 aliquam
933 528 1192 562 creaturam
1226 523 1354 575 quod
1391 535 1496 562 erro

180 591 227 631 in
249 591 427 642 mediis,
449 593 561 632 volo
584 591 834 632 humillime
860 605 911 631 ac
934 591 1227 644 paratissime
1249 605 1497 643 revocare3

149 661 306 701 §unde
338 667 390 701 ut
421 662 676 714 procedam
715 662 924 702 securius
963 661 1135 702 innitor
1173 661 1499 702 fundamenta-

181 731 288 771 liter
331 744 510 771 summo
542 731 702 784 lapidi,
747 731 826 784 qui
866 736 938 771 est
970 731 1058 784 via,
1098 731 1272 771 veritas
1311 737 1357 770 et
1394 731 1502 782 vita,

185 800 372 840 domino
420 801 564 842 Ihesu
607 800 808 851 Christo,
862 800 1051 853 capiens
1103 801 1422 842 testimonium
1477 815 1501 841 a

186 870 359 910 sanctis
393 870 679 921 doctoribus,
713 871 772 910 de
802 876 977 924 quanto
1003 876 1266 911 consonant
1286 870 1382 924 legi
1406 884 1502 912 sue.

184 940 291 980 Alia
330 953 444 980 vero
493 943 550 982 ab
594 940 696 981 istis
735 946 969 993 tamquam
1007 940 1239 981 tardativa
1276 940 1354 980 vel
1395 953 1502 980 con-

133 1027 170 1048 10
185 1009 323 1050 traria
353 1010 670 1063 parvipendo;
711 1010 835 1050 unde
866 1010 1007 1050 credo
1040 1015 1091 1051 ut
1117 1010 1258 1050 fidem
1289 1009 1502 1061 ecclesie,

190 1079 320 1132 quod
352 1079 635 1133 quicumque
667 1093 763 1120 non
797 1080 1023 1120 observat
1054 1085 1226 1120 statum
1260 1085 1307 1119 et
1343 1080 1503 1132 legem

188 1162 324 1202 quam
348 1148 558 1190 Christus
579 1148 791 1202 instituit,
827 1162 964 1202 quam
988 1149 1131 1189 eciam
1162 1149 1210 1189 in
1243 1162 1294 1189 se
1328 1154 1377 1189 et
1407 1147 1504 1188 suis

188 1218 415 1272 apostolis
453 1218 551 1259 vita
588 1224 636 1259 et
672 1220 820 1259 verbo
861 1219 1023 1259 docuit
1061 1224 1109 1259 et
1146 1218 1366 1269 servavit,
1410 1231 1504 1258 non

189 1287 401 1341 sequitur
434 1287 667 1329 Christum
699 1302 786 1341 per
818 1294 960 1329 artam
992 1288 1127 1339 viam,
1162 1301 1253 1342 que
1287 1287 1417 1328 ducit
1449 1287 1506 1327 ad

136 1358 355 1408 15celum‚
401 1358 486 1398 sed
527 1357 706 1398 incedit
748 1372 836 1411 per
877 1359 1015 1398 latam
1062 1358 1197 1408 viam,
1242 1371 1334 1411 que
1379 1357 1507 1397 ducit

189 1429 448 1469 membrum
482 1427 676 1481 dyaboli
709 1429 766 1468 ad
796 1428 1040 1468 infernum.

247 1497 457 1552 Explicit
469 1502 695 1538 tractatus
718 1498 776 1537 de
792 1503 1032 1551 potestate
1049 1510 1174 1551 pape
1189 1496 1414 1548 Johannis
1429 1495 1507 1537 W.

263 1665 286 1684 1.
306 1658 335 1684 A
355 1657 385 1684 in
407 1665 520 1692 marg:
548 1657 640 1685 Nota.
669 1657 866 1684 Protestatzo.
942 1663 970 1691 9.
993 1654 1031 1683 C:
1060 1654 1274 1683 retardancla.
1349 1662 1393 1682 12.
1417 1653 1456 1682 C:
1478 1655 1509 1681 in

191 1703 263 1730 suis.
339 1702 381 1731 13.
404 1702 443 1730 C:
464 1703 524 1730 vite
544 1706 575 1730 ec
592 1704 692 1731 racio.
767 1710 808 1738 ¹7-
832 1703 869 1730 B:
895 1701 981 1736 Wyls.
1002 1703 1031 1729 A
1046 1701 1098 1729 fol.
1117 1701 1188 1735 262,
1204 1701 1262 1728 col.
1279 1709 1313 1728 2:
1335 1700 1510 1736 Scriptorix

193 1750 296 1777 cuncti
317 1757 466 1778 memores
489 1750 551 1777 sint
585 1750 644 1777 ista
670 1750 807 1785 legentes
844 1752 937 1784 atque
969 1751 1138 1784 precentur
1164 1748 1195 1775 ei
1221 1748 1358 1783 requiem
1393 1747 1509 1775 iubilei.

193 1795 260 1823 Neb
281 1800 346 1831 gest
365 1796 441 1824 toho
463 1796 578 1823 dobrze
598 1795 699 1823 hoden
721 1797 768 1829 (:
789 1796 845 1822 icto
866 1802 999 1829 namque
1018 1794 1222 1830 dignissimus
1243 1795 1314 1827 est).

1706 283 1785 321 397
