2078 3338
286 249 367 298 316
1012 260 1237 292 JOHANNJS
1264 260 1449 291 WYCLIF
1686 250 1790 301 [CAP-
1820 258 1884 285 xii.

574 364 641 405 sic
686 363 970 405 dissolveret
1019 365 1266 404 claustrale
1310 364 1557 406 vinculum.
1619 363 1716 406 Sed
1757 364 1889 405 iuxta

573 433 806 487 principia
846 433 958 474 fidei
991 433 1248 474 dimitteret
1280 433 1573 473 dotacionem
1613 438 1659 473 et
1692 446 1887 474 conver-

575 503 810 544 sacionem
843 517 1077 544 cesaream
1109 503 1403 557 proficiendo
1443 502 1667 544 subiectis
1701 502 1889 556 episco-

572 573 755 627 paliter,
803 573 925 614 sicut
955 574 1171 614 fecerunt
1202 573 1419 627 apostoli.
1480 573 1587 613 Hoc
1631 572 1753 613 enim
1782 573 1890 626 plus

575 648 858 697 congrueret
899 642 1188 696 professioni
1231 655 1314 683 sue
1364 641 1590 695 primeve.
1653 641 1752 684 Sed
1800 642 1924 683 iste5

574 718 764 753 sanctus
810 712 923 754 dicit
960 712 1089 766 quod
1119 712 1294 753 Herius
1325 713 1478 762 doluit,
1510 713 1628 764 quod
1658 713 1892 765 episcopus

573 796 662 823 non
678 783 826 835 potuit
846 783 1074 835 ordinari,
1107 782 1214 836 quia
1245 781 1391 822 noluit
1424 794 1530 821 esse
1563 783 1649 823 sub
1681 782 1810 836 lege3
1845 787 1893 822 et

574 852 641 893 sic
671 852 836 893 incidit
876 853 925 892 in
966 852 1108 893 istum
1141 864 1361 903 errorem,
1407 852 1534 904 quod
1576 851 1892 904 presbiterum

575 922 836 976 simplicem
882 928 930 962 et
976 921 1256 975 episcopum
1288 935 1384 961 non
1418 926 1611 974 oportet
1643 920 1892 961 discrimen

573 1006 661 1046 per
682 997 971 1045 potestatem
991 991 1306 1032 iurisdicionis
1331 996 1472 1044 atque
1497 990 1759 1041 scienciam,
1787 991 1893 1044 quia
1912 1006 1950 1026 10

574 1067 686 1103 tunc
708 1061 799 1103 iste
821 1062 996 1102 Herius
1018 1067 1218 1116 propter
1237 1061 1577 1102 inhabilitatem
1605 1061 1663 1101 ad
1687 1060 1892 1101 officium

576 1131 850 1185 episcopale
871 1137 1117 1185 pateretur
1135 1131 1383 1184 repulsam.
1406 1130 1504 1172 Sed
1521 1129 1524 1185 Ι
1543 1130 1664 1171 absit
1683 1130 1892 1184 logicum
1932 1138 2014 1175 240⁸

573 1201 701 1241 istud
745 1201 939 1242 credere
971 1201 1087 1241 illud
1125 1201 1299 1241 dictum
1333 1199 1592 1254 Augustini
1622 1213 1892 1255 repugnare

577 1271 771 1312 decreto
792 1270 1054 1324 Jeronymi:
1089 1270 1230 1324 Quod
1252 1271 1361 1311 olim
1387 1271 1508 1311 idem
1528 1270 1627 1321 fuit
1659 1271 1893 1323 episcopus

576 1345 614 1381 et
634 1342 861 1391 sacerdos,
895 1341 1004 1381 olim
1037 1341 1160 1381 enim
1193 1345 1324 1381 erant
1344 1339 1484 1393 pauci
1506 1339 1724 1393 episcopi
1752 1345 1891 1392 atque
1913 1346 1949 1378 15

320 1401 528 1464 ψξῇξξδᾞῖξᾶῖ
575 1411 766 1465 ydonei,
812 1412 892 1465 qui
935 1411 1108 1451 seclusi
1153 1424 1176 1451 a
1214 1411 1375 1451 seculo
1409 1424 1504 1451 non
1535 1415 1734 1463 propter
1764 1423 1892 1449 mun-

287 1472 553 1542 ρΐῗξζξῖξεξέᾓω
577 1481 700 1532 dum,
753 1481 839 1521 sed
889 1486 1089 1534 propter
1131 1481 1287 1520 Deum
1333 1485 1381 1520 et
1437 1492 1641 1520 amorem
1692 1479 1893 1519 ecclesie

373 1549 467 1570 same.
577 1563 733 1591 curam
764 1550 1015 1604 pastoralis
1049 1549 1192 1590 officii
1224 1550 1547 1603 perfecerunt3
1584 1554 1630 1589 et
1663 1548 1729 1589 sic
1763 1561 1895 1588 error

577 1625 708 1660 esset
748 1619 891 1660 hodie
942 1633 1118 1673 negare
1169 1619 1486 1672 presbit-erum
1550 1619 1607 1658 ab
1666 1617 1894 1672 episcopo

574 1690 700 1730 nulla
743 1689 1015 1730 differencia
1059 1688 1275 1739 discerni,
1321 1702 1425 1729 cum
1468 1688 1600 1729 multi
1642 1688 1896 1741 presbiteri
1912 1703 1953 1724 20

574 1760 791 1801 instructi
827 1759 875 1800 in
905 1760 1016 1813 lege
1047 1758 1240 1799 Domini
1270 1758 1438 1799 vivunt
1469 1763 1646 1809 sancte,
1686 1763 1733 1798 et
1763 1757 1896 1798 multi

578 1828 795 1883 episcopi
824 1829 979 1882 ignari
1008 1829 1129 1882 legis
1161 1828 1256 1868 Dei
1286 1828 1454 1869 vivunt
1487 1827 1732 1869 contrarie.
1776 1826 1892 1867 Ideo

576 1912 775 1940 necesse
809 1904 881 1940 est
914 1912 1020 1939 esse
1054 1897 1373 1939 differenciam
1406 1898 1716 1938 sacerdotum.

754 2099 1181 2179 CAPITULUM
1221 2097 1720 2160 DUODECIMUM.

311 2251 538 2314 nffi't‘itgffffgust,
636 2249 808 2290 Adhuc
837 2253 987 2289 restat
1019 2247 1325 2289 dubitandum
1358 2248 1594 2301 quomodo
1626 2253 1795 2302 posset
1817 2249 1895 2289 de-
1913 2253 1951 2285 25

288 2323 439 2385 {2¹33}ssfo
458 2321 563 2391 {2in
581 2333 687 2361 esse
718 2332 842 2373 papa
875 2331 1106 2368 cesareus,
1153 2331 1256 2358 cum
1286 2331 1487 2358 necesse
1526 2318 1585 2359 sit
1618 2331 1723 2358 esse
1754 2332 1895 2359 unum

580 2394 722 2443 caput
754 2390 812 2429 ad
845 2401 1007 2429 causas
1047 2387 1393 2429 ecclesiasticas
1437 2387 1792 2438 terminandum,
1838 2389 1896 2428 ad

576 2459 808 2501 beneficia
858 2458 1178 2500 ecclesiastica
1220 2458 1525 2512 parciendum
1570 2463 1617 2498 et
1662 2459 1719 2498 ad
1757 2457 1894 2512 privi-

577 2530 703 2584 legia
735 2528 1112 2578 concedendum;
1148 2529 1273 2569 unde
1307 2529 1364 2569 ad
1395 2533 1574 2568 tantum
1607 2527 1756 2568 cecati
1787 2532 1896 2568 sunt

580 2600 817 2641 seculares
855 2599 993 2640 valde
1038 2598 1237 2640 subtiles
1288 2598 1336 2639 in
1377 2599 1468 2639 ista
1516 2598 1718 2653 argucia‚
1764 2597 1895 2651 quod
1911 2603 1952 2635 30

651 2760 772 2789 Codd.:
803 2760 987 2787 claustrare.
1074 2760 1117 2787 16.
1150 2759 1219 2794 qui;
1250 2759 1288 2787 B:
1322 2759 1404 2791 quia.
1481 2759 1530 2786 25.
1563 2758 1679 2787 Codd.:
1717 2758 1748 2786 in
1781 2765 1894 2792 marg:

581 2810 663 2839 Papa
689 2806 826 2834 cesarius
849 2806 879 2833 si
901 2806 983 2834 deest
1003 2807 1131 2834 ecclesia
1151 2808 1257 2833 sancta
1278 2806 1385 2833 melz'us
1403 2808 1512 2833 staret.

656 2900 705 2930 14.
732 2890 866 2922 Decreti
892 2890 1008 2922 Prima
1035 2890 1126 2931 Pars,
1154 2890 1239 2922 Dist.
1264 2890 1368 2931 XCV,
1396 2899 1469 2932 cap.
1490 2890 1530 2921 V.
