2078 3338
358 2336 442 2364 Even

274 2371 449 2407 restricting
468 2372 520 2399 the

271 2406 359 2433 word
379 2411 410 2433 to
430 2415 447 2433 a
466 2407 528 2434 free

273 2441 402 2468 rational
425 2449 532 2476 power

981 287 1206 320 JOHANNIS
1233 287 1419 320 WYCLIF
1712 271 1818 329 [CAP.
1839 282 1862 310 1.

549 393 611 433 Et
654 392 721 433 sic
764 391 1042 444 intelligitur
1087 393 1146 433 de
1196 396 1437 445 potestate
1490 403 1731 443 equorum,
1785 388 1865 442 qui

549 467 663 516 post
705 461 1008 502 tubacionem
1051 461 1177 501 sexti
1209 460 1365 514 angeli
1397 460 1626 509 exierunt,
1672 463 1719 499 et
1752 472 1862 499 con-

549 531 763 572 formiter
792 530 1074 584 intelligitur
1106 530 1312 584 capitulo
1335 529 1472 583 XIII,
1496 544 1521 581 4
1553 531 1607 570 de
1631 532 1863 583 potestate,

549 613 689 654 quam
720 601 860 641 draco
892 601 1015 641 dedit
1045 602 1189 641 bestie.
1221 599 1361 640 Unde
1394 604 1595 653 propter
1627 598 1866 639 defectum

551 670 758 711 auctoris
810 683 904 710 non
963 670 1112 710 audeo
1166 669 1322 710 dicere
1368 670 1497 723 quod
1538 668 1672 708 Deus
1722 668 1898 709 habet5

549 745 835 794 potestatem
879 738 1180 793 producendi
1224 738 1472 792 quicquam
1517 738 1575 778 ad
1616 738 1736 778 intra
1779 737 1866 777 sed

551 810 701 851 solum
734 810 793 849 ad
826 814 972 862 extra,
1004 808 1117 849 licet
1146 809 1318 849 habeat
1337 808 1605 862 potenciam
1632 808 1690 848 ad
1713 805 1867 847 omnia

549 878 864 933 producibilia
886 878 958 919 sui
978 878 1232 919 intrinseca
1252 878 1624 932 producendum,
1652 890 1741 917 nec
1762 889 1866 929 per-

551 962 716 989 sonam
748 953 827 989 aut
859 954 1012 989 actum
1041 947 1090 989 in
1119 948 1227 988 Deo
1260 961 1344 988 sue
1377 947 1572 988 dicimus
1604 946 1755 987 subici
1783 959 1866 999 po-

550 1017 720 1060 testati.
754 1016 930 1059 Omnes
973 1023 1129 1059 tamen
1164 1023 1294 1058 actus
1325 1017 1476 1058 nostri
1509 1016 1646 1057 liberi
1677 1015 1867 1066 arbitrii,
1887 1035 1925 1055 10

551 1087 672 1128 sicut
714 1100 863 1141 opera
907 1087 1176 1128 extrinseca
1217 1100 1306 1140 per
1346 1087 1435 1128 hos
1466 1086 1604 1137 facta,
1651 1086 1868 1127 dicuntur

549 1162 712 1198 nostre
736 1157 887 1198 subici
907 1157 1151 1211 potestati,
1175 1162 1226 1198 ut
1245 1162 1380 1211 patet
1401 1156 1434 1199 I.
1448 1155 1868 1197 Retractacionum

550 1226 769 1280 XXXII,
809 1227 881 1267 III
913 1227 989 1267 De
1020 1227 1172 1267 libero
1206 1226 1395 1268 arbitrio
1430 1232 1479 1267 et
1507 1226 1555 1267 in
1592 1227 1668 1266 De
1701 1224 1868 1279 spiritu

552 1301 600 1337 et
631 1295 780 1337 anima
810 1296 999 1337 XXVI.
1050 1295 1191 1337 Unde
1235 1309 1327 1336 non
1371 1295 1603 1349 sequitur:
1646 1295 1685 1335 si
1726 1308 1869 1335 unum

553 1365 927 1406 convertibilium
959 1379 1056 1406 non
1087 1366 1148 1406 sit
1177 1365 1226 1406 in
1256 1370 1499 1419 potestate
1537 1370 1711 1417 nostra,
1755 1370 1869 1405 tunc
1888 1371 1924 1405 15

550 1448 641 1475 nec
670 1435 902 1489 reliquum
933 1436 1012 1477 vel
1045 1448 1070 1475 e
1104 1441 1285 1487 contra;
1329 1435 1617 1475 antecedens
1661 1447 1757 1474 non
1796 1439 1870 1474 est

549 1504 597 1545 in
633 1509 874 1558 potestate
918 1510 1094 1558 nostra,
1138 1504 1281 1558 igitur
1324 1517 1413 1544 nec
1458 1517 1759 1557 consequens
1790 1504 1869 1544 vel

553 1587 578 1614 e
612 1579 787 1615 contra.
845 1573 907 1614 Et
951 1572 1019 1613 sic
1066 1574 1437 1627 argumentando
1484 1572 1760 1614 affirmative
1808 1587 1869 1613 ex

553 1643 798 1696 opposito:
841 1644 889 1684 in
913 1647 1146 1697 potestate,
1184 1643 1338 1697 inquit
1368 1642 1679 1697 Augustinus,
1710 1647 1869 1687 nostra

551 1727 640 1755 uon
684 1718 759 1764 est,
802 1715 894 1755 nisi
932 1715 1052 1767 quod
1093 1717 1302 1754 nostram
1344 1714 1548 1766 sequitur
1583 1714 1868 1755 volantatem.
1886 1729 1927 1750 20

554 1784 779 1838 Sequitur
823 1783 964 1824 enim:
1012 1784 1147 1824 Deus
1190 1782 1537 1837 predestinavit
1586 1796 1675 1830 me,
1727 1782 1871 1838 igitur

552 1855 706 1894 habeo
730 1852 953 1894 virtutem
974 1852 1124 1893 finalis
1156 1851 1521 1906 perseverancie
1555 1857 1602 1893 et
1634 1866 1660 1893 e
1693 1858 1868 1894 contra.

554 1923 779 1977 Sequitur
812 1923 977 1964 eciam:
1009 1924 1170 1976 placet
1200 1922 1312 1963 mihi
1344 1922 1403 1962 de
1434 1923 1525 1962 hoc
1549 1922 1679 1975 quod
1701 1922 1866 1977 digero

554 1993 834 2045 alimentum,
865 1992 1010 2048 igitur
1041 1992 1109 2033 sic
1142 1992 1328 2046 diger03
1376 1993 1662 2033 antecedens
1707 1998 1780 2033 est
1821 1993 1869 2033 in

551 2068 794 2117 potestate
850 2076 954 2103 mea
1012 2068 1060 2103 et
1118 2075 1417 2116 consequens
1473 2075 1583 2115 non,
1642 2062 1750 2116 quia
1807 2076 1868 2102 ex
1884 2067 1924 2098 25

552 2132 609 2174 II.
641 2132 914 2173 Ethicorum
952 2136 1144 2186 propter
1185 2133 1269 2173 illa
1310 2144 1393 2184 que
1434 2144 1524 2172 non
1560 2136 1665 2173 sunt
1701 2133 1750 2172 in
1785 2145 1867 2185 po-

551 2206 705 2243 testate
740 2205 898 2244 nostra
933 2215 1023 2243 uon
1061 2214 1224 2243 sumas
1259 2202 1489 2243 laudandi
1519 2201 1759 2242 moraliter
1789 2214 1869 2242 nec

552 2273 782 2324 culpandi.

611 2339 873 2394 Supposito
904 2340 1064 2394 igitur,
1098 2342 1226 2394 quod
1245 2341 1327 2381 fiat
1346 2339 1591 2381 restriccio
1614 2339 1866 2393 potestatis

552 2410 609 2450 ad
650 2410 935 2451 racionalem
976 2410 1248 2463 potenciam
1292 2410 1486 2450 liberam
1530 2409 1867 2450 accidentalem
1883 2414 1924 2447 30

287 2475 443 2503 exercised
465 2476 501 2513 by
549 2480 737 2535 homini,
769 2486 903 2534 patet
935 2481 1062 2534 quod
1090 2480 1095 2536 Ι
1122 2481 1241 2522 tales
1262 2486 1530 2535 potestates
1557 2481 1736 2520 habent
1757 2480 1864 2520 sub·
1910 2480 1988 2513 162⁰l

360 2518 449 2545 man;

620 2648 668 2676 29.
689 2640 743 2668 AB
764 2640 795 2668 in
816 2648 933 2676 marg‚=
954 2640 1096 2668 Potestas
1115 2639 1274 2675 multiplex
1294 2639 1404 2668 libera.

620 2734 649 2757 2.
675 2725 785 2766 Apoc.
813 2724 868 2764 IX,
892 2734 941 2766 17.
1044 2734 1093 2756 12.
1119 2725 1269 2756 Retract.
1294 2724 1316 2756 1.
1344 2734 1371 2756 c.
1401 2726 1527 2766 sponte
1558 2725 1662 2757 homo
1691 2724 1730 2756 in
1754 2724 1866 2756 libero

545 2782 703 2814 arbitrio
719 2782 846 2814 cadere
859 2782 987 2824 potuit.
1012 2783 1064 2814 De
1078 2782 1136 2815 lib.
1156 2782 1296 2814 arbitrio
1315 2782 1337 2814 1.
1353 2793 1381 2815 c.
1404 2783 1456 2814 De
1473 2783 1595 2825 spiritu
1614 2789 1647 2814 et
1664 2782 1779 2813 anima
1796 2782 1818 2813 l.
1836 2792 1863 2815 c.

552 2850 602 2883 ¹9·
628 2841 717 2882 Aug.
746 2829 1046 2872 Retractationum
1077 2840 1136 2873 lib.
1168 2840 1207 2881 ΙΙ,
1241 2850 1314 2882 cap.
1342 2841 1381 2885 ΙΙ,
1415 2841 1468 2873 ΙΙΙ.
1566 2839 1618 2873 26.
1646 2839 1860 2884 Aristoteles,

545 2897 657 2931 Ethic.
684 2898 817 2931 Nicom.
844 2898 881 2938 ΙΙ,
908 2896 987 2942 9(?)
1084 2906 1137 2940 31.
1165 2899 1283 2930 Hussii
1311 2898 1403 2940 Opp.
1431 2896 1524 2938 213³.
