2078 3338
277 272 359 311 ,374

313 1781 420 1809 Those
440 1782 511 1807 who

299 1816 410 1843 should
431 1815 536 1843 advise

349 1851 399 1877 the
420 1851 491 1884 king

310 1885 437 1912 mislead
460 1885 535 1912 him.

350 2126 484 2155 Prolatos

298 2162 447 2189 mainxain
468 2162 543 2189 salse

315 2197 519 2229 counsellors,

310 2232 439 2267 lawyers
460 2231 521 2258 and

315 2265 519 2301 theologians.

1006 271 1229 302 JOHANNIS
1256 271 1440 302 WYCLIF
1681 261 1789 312 [CAP.
1812 269 1877 297 ΧΙΙ.

567 374 787 427 superior
814 373 1012 418 clericus
1043 375 1134 414 hoc
1164 380 1364 416 tenetur.
1398 373 1449 416 Si
1479 374 1621 428 igitur
1651 376 1787 416 homo
1821 376 1881 416 sit

567 443 998 484 excommunicatus
1016 448 1155 496 atque
1166 443 1322 496 gravis
1338 443 1594 498 sacrilegus
1611 445 1690 497 qui
1711 445 1882 498 spoliat

567 513 811 554 ecclesiam
852 512 991 553 bonis
1024 513 1211 553 fortune
1245 518 1292 553 et
1335 513 1478 554 sacris
1518 514 1719 555 ecclesie
1752 527 1880 555 orna-

565 583 749 636 mentis,
795 588 970 636 quanto
1015 582 1165 635 magis
1209 582 1288 636 qui
1326 583 1564 636 extinguit
1600 584 1648 624 in
1682 584 1882 625 ecclesia

566 654 643 694 vel
688 652 839 693 aufert
883 654 940 692 ab
987 666 1041 692 ea
1077 652 1227 693 iocale
1264 653 1528 706 preciosius
1568 659 1616 694 et
1652 652 1881 694 infinitum

566 722 912 776 quodammodo
927 721 1077 774 magis
1101 735 1299 774 sacrum,
1316 722 1576 763 cuiusmodi
1598 728 1705 763 sunt
1719 728 1881 774 status,

564 791 865 846 privilegium
889 797 936 831 et
955 792 1164 842 libertas,
1189 805 1280 844 que
1297 791 1508 833 Christus
1531 792 1660 833 dedit
1683 793 1881 833 ecclesie

567 862 680 902 cleri
712 861 797 901 sui.
829 862 890 901 Et
925 861 1014 901 hec
1047 861 1476 902 excommunicacio
1510 862 1741 915 sacrilega
1777 876 1883 916 per-

567 932 725 971 turbat
756 930 970 971 nimirum
1001 936 1148 971 totam
1182 931 1429 971 ecclesiam
1450 931 1745 983 militantem
1777 945 1881 972 nam

566 1006 657 1041 tam
674 1000 678 1056 Ι
695 1000 964 1041 auferentes
994 1014 1132 1053 quam
1161 1000 1522 1042 consencientes
1551 1006 1660 1041 sunt
1685 1001 1882 1042 heretici

565 1070 721 1111 &Deo
753 1070 1003 1123 maledicti,
1038 1075 1086 1111 et
1118 1084 1174 1110 eo
1208 1070 1398 1124 gravius
1428 1083 1519 1124 quo
1553 1070 1621 1111 sic
1653 1071 1881 1111 honorare

566 1144 758 1180 matrem
790 1153 919 1180 suam
950 1139 1075 1180 foret
1106 1140 1298 1181 facilius.
1332 1139 1448 1180 Nam
1481 1140 1557 1180 via
1584 1140 1778 1181 Domini
1810 1146 1882 1181 est

567 1209 867 1260 consolativa,
906 1210 1046 1263 plana
1078 1215 1126 1250 et
1156 1209 1317 1262 facilis,
1356 1210 1441 1250 sed
1472 1209 1548 1250 via
1586 1210 1778 1263 dyaboli
1811 1216 1882 1250 est

565 1279 808 1333 negativa,
853 1285 1128 1332 sumptuosa
1172 1285 1317 1333 atque
1362 1279 1577 1320 difficilis.
1635 1280 1695 1319 Et
1742 1279 1882 1319 istum

567 1350 836 1403 scrupulum
882 1349 1131 1402 detegeret
1174 1350 1325 1389 clerus
1369 1349 1529 1389 mundi
1573 1348 1882 1402 principibus,

568 1419 675 1473 quia
710 1418 895 1459 illorum
935 1424 1009 1459 est
1047 1419 1287 1473 extirpare
1324 1420 1412 1459 hos
1451 1418 1587 1459 nidos
1629 1418 1881 1460 hereticos.

567 1489 738 1529 Melius
783 1488 906 1528 enim
949 1488 1075 1528 foret
1120 1494 1167 1528 et
1209 1489 1317 1542 plus
1362 1489 1418 1528 ad
1456 1501 1622 1544 pacem
1660 1493 1882 1537 nostram,

568 1558 694 1611 quod
725 1571 821 1598 non
852 1558 977 1598 foret
1007 1558 1055 1598 in
1089 1558 1262 1612 Anglia
1295 1559 1460 1598 demus
1493 1558 1571 1598 vel
1609 1557 1882 1611 prepositus

568 1627 636 1668 sic
658 1628 1057 1681 possessionatus‚
1092 1642 1232 1681 quam
1265 1628 1393 1681 quod
1415 1627 1482 1668 sic
1505 1628 1694 1667 duraret
1715 1627 1762 1667 in
1782 1627 1885 1680 ipsa

566 1699 658 1738 hoc
674 1697 1082 1737 excomunicatum
1107 1703 1153 1738 et
1175 1697 1433 1737 hereticum
1454 1697 1751 1750 sacrilegium
1773 1696 1883 1737 anti-

569 1773 770 1821 quatum.
801 1767 935 1808 Licet
969 1767 1090 1807 enim
1123 1767 1183 1809 sit
1214 1772 1308 1807 tam
1332 1767 1613 1807 contrarium
1644 1766 1885 1820 profectui

568 1837 733 1890 populi
766 1842 813 1877 et
844 1837 1139 1890 possessioni
1177 1836 1457 1877 secularium
1490 1836 1781 1877 dominorum
1816 1836 1884 1877 in-

570 1907 783 1947 duratum
815 1912 863 1947 et
894 1912 986 1947 tam
1011 1906 1189 1947 diutine
1212 1906 1294 1946 vix
1322 1911 1486 1959 potest
1517 1905 1606 1946 nisi
1637 1919 1725 1959 per
1755 1905 1885 1945 mira-

570 1976 723 2016 culum
755 1976 1004 2026 semoveri,
1052 1982 1098 2016 et
1128 1976 1192 2016 illi
1226 1989 1346 2029 quos
1373 1989 1461 2015 rex
1484 1975 1713 2015 conduxit
1737 1975 1885 2015 carius

570 2047 627 2086 ad
657 2046 982 2086 instruendum
1017 2059 1120 2086 eum
1158 2046 1205 2085 in
1236 2046 1323 2085 hac
1362 2045 1456 2085 fide
1487 2044 1747 2098 proditorie
1778 2046 1885 2098 plus

569 2116 809 2157 resistunt.
862 2116 923 2156 Et
952 2116 1078 2156 idem
1112 2122 1184 2156 est
1214 2115 1435 2156 iudicium
1468 2116 1526 2155 de
1564 2115 1761 2155 fratrum
1795 2116 1886 2155 col-

570 2186 719 2239 legiis,
765 2199 856 2239 que
899 2186 946 2225 in
990 2199 1158 2239 magna
1201 2191 1337 2239 parte
1375 2186 1542 2226 fovent
1578 2186 1669 2224 hoc
1706 2184 1885 2225 facinus

571 2256 648 2296 vel
672 2256 942 2296 defendunt.
976 2255 1109 2297 Sicut
1132 2255 1253 2295 enim
1276 2255 1557 2295 Machomed
1582 2254 1745 2295 habuit
1766 2255 1885 2294 duos

573 2325 841 2378 complices,
857 2325 1038 2365 scilicet
1052 2325 1295 2365 Hebreum
1309 2324 1513 2378 peritum
1534 2324 1581 2364 in
1602 2325 1708 2376 lege
1722 2322 1885 2375 veteri,

573 2401 620 2435 et
644 2394 860 2448 Sergium
887 2395 1165 2435 monachum
1198 2395 1447 2435 subdolum
1481 2394 1792 2444 christianum,
1823 2393 1918 2433 ita3

573 2464 741 2504 dicitur
783 2465 925 2505 hodie
970 2465 1179 2518 prelatos
1221 2478 1440 2504 cesareos
1478 2465 1653 2504 habere
1693 2477 1756 2503 ex
1792 2476 1885 2503 uno

571 2535 718 2575 latere
762 2534 942 2588 peritos
979 2534 1027 2574 in
1064 2535 1170 2589 lege
1212 2547 1401 2574 cesarea
1439 2539 1486 2574 et
1525 2547 1586 2573 ex
1619 2533 1707 2573 alio
1739 2533 1887 2573 latere

572 2604 835 2658 ypocritam
859 2604 1300 2658 exproprietarium,
1322 2612 1539 2644 vocatum
1562 2617 1693 2644 sacre
1715 2603 1887 2656 pagine

643 2764 670 2791 3.
691 2765 719 2791 A
740 2764 769 2790 in
793 2771 906 2797 murga
931 2763 1122 2790 Ornmnenta
1142 2771 1232 2791 sacra
1254 2763 1388 2791 ecclesie.
1463 2763 1489 2790 5.
1511 2763 1549 2790 B:
1571 2762 1673 2798 aufer.
1749 2762 1797 2792 28.
1821 2763 1841 2790 B
1856 2763 1886 2790 iu

574 2818 686 2845 marga
708 2810 882 2837 Machonzet
899 2810 1005 2837 habuit
1023 2810 1102 2837 duos
1121 2810 1289 2845 complices,

645 2895 695 2928 30.
726 2895 775 2925 De
802 2894 924 2935 Sergio
957 2893 1131 2925 monacho
1158 2894 1237 2925 vide
1270 2894 1320 2924 De
1347 2894 1503 2925 Ecclesia
1536 2903 1567 2934 p.
1597 2903 1672 2936 290,
1708 2893 1781 2933 333,
1811 2893 1887 2926 511.

1921 1009 2003 1046 254⁸

1905 1354 1938 1386 15

1902 1714 1942 1734 20

1902 2050 1941 2082 25

1924 2410 1943 2428 Ο
