<?xml version="1.0" encoding="UTF-8"?>
<!DOCTYPE html PUBLIC "-//W3C//DTD XHTML 1.0 Transitional//EN"
    "http://www.w3.org/TR/xhtml1/DTD/xhtml1-transitional.dtd">
<html xmlns="http://www.w3.org/1999/xhtml" xml:lang="en" lang="en">
 <head>
  <title>
</title>
<meta http-equiv="Content-Type" content="text/html;charset=utf-8" />
  <meta name='ocr-system' content='tesseract 3.04.00' />
  <meta name='ocr-capabilities' content='ocr_page ocr_carea ocr_par ocr_line ocrx_word'/>
</head>
<body>
  <div class='ocr_page' id='page_1' title='image "./tractatusdepotes00wycl_0347.png"; bbox 0 0 2078 3338; ppageno 0'>
   <div class='ocr_carea' id='block_1_1' title="bbox 181 262 1778 320">
    <p class='ocr_par' dir='ltr' id='par_1_1' title="bbox 181 262 1778 320">
     <span class='ocr_line' id='line_1_1' title="bbox 181 262 1778 320; baseline 0.004 -18"><span class='ocrx_word' id='word_1_1' title='bbox 181 269 269 299; x_wconf 76' lang='lat' dir='ltr'>CAP.</span> <span class='ocrx_word' id='word_1_2' title='bbox 290 262 358 313; x_wconf 64' lang='lat' dir='ltr'>XL]</span> <span class='ocrx_word' id='word_1_3' title='bbox 579 274 637 306; x_wconf 84' lang='lat' dir='ltr'>DE</span> <span class='ocrx_word' id='word_1_4' title='bbox 664 273 943 305; x_wconf 79' lang='lat' dir='ltr'>POTEsTATE</span> <span class='ocrx_word' id='word_1_5' title='bbox 971 274 1100 306; x_wconf 74' lang='lat' dir='ltr'>PAPE.</span> <span class='ocrx_word' id='word_1_6' title='bbox 1700 272 1778 320; x_wconf 83' lang='lat'>285</span> 
     </span>
    </p>
   </div>
   <div class='ocr_carea' id='block_1_2' title="bbox 59 377 1776 1898">
    <p class='ocr_par' dir='ltr' id='par_1_2' title="bbox 59 377 1776 1898">
     <span class='ocr_line' id='line_1_2' title="bbox 182 377 1494 432; baseline 0.002 -15"><span class='ocrx_word' id='word_1_7' title='bbox 182 377 403 418; x_wconf 89' lang='lat' dir='ltr'>circulum</span> <span class='ocrx_word' id='word_1_8' title='bbox 435 391 626 418; x_wconf 89' lang='lat' dir='ltr'>aureum</span> <span class='ocrx_word' id='word_1_9' title='bbox 658 383 977 418; x_wconf 81' lang='lat' dir='ltr'>transeuntem</span> <span class='ocrx_word' id='word_1_10' title='bbox 1020 391 1107 431; x_wconf 93' lang='lat' dir='ltr'>per</span> <span class='ocrx_word' id='word_1_11' title='bbox 1137 377 1318 418; x_wconf 87' lang='lat' dir='ltr'>mitram</span> <span class='ocrx_word' id='word_1_12' title='bbox 1351 379 1494 432; x_wconf 87' lang='lat' dir='ltr'>capiti</span> 
     </span>
     <span class='ocr_line' id='line_1_3' title="bbox 181 446 1493 502; baseline 0.001 -14"><span class='ocrx_word' id='word_1_13' title='bbox 181 451 520 488; x_wconf 87' lang='lat' dir='ltr'>conectentem.</span> <span class='ocrx_word' id='word_1_14' title='bbox 573 446 907 489; x_wconf 87' lang='lat' dir='ltr'>Semicirculus</span> <span class='ocrx_word' id='word_1_15' title='bbox 953 452 1106 488; x_wconf 88' lang='lat' dir='ltr'>autern</span> <span class='ocrx_word' id='word_1_16' title='bbox 1153 446 1321 501; x_wconf 86' lang='lat' dir='ltr'>signat,</span> <span class='ocrx_word' id='word_1_17' title='bbox 1366 449 1493 502; x_wconf 86' lang='lat' dir='ltr'>quod</span> 
     </span>
     <span class='ocr_line' id='line_1_4' title="bbox 181 516 1227 571; baseline 0.001 -14"><span class='ocrx_word' id='word_1_18' title='bbox 181 516 440 570; x_wconf 81' lang='lat' dir='ltr'>semiplene</span> <span class='ocrx_word' id='word_1_19' title='bbox 470 516 519 557; x_wconf 91' lang='lat' dir='ltr'>in</span> <span class='ocrx_word' id='word_1_20' title='bbox 549 517 626 558; x_wconf 87' lang='lat' dir='ltr'>via</span> <span class='ocrx_word' id='word_1_21' title='bbox 657 516 940 571; x_wconf 90' lang='lat' dir='ltr'>suscipimus</span> <span class='ocrx_word' id='word_1_22' title='bbox 970 516 1061 557; x_wconf 90' lang='lat' dir='ltr'>ista</span> <span class='ocrx_word' id='word_1_23' title='bbox 1094 517 1227 560; x_wconf 87' lang='lat' dir='ltr'>dona.</span> 
     </span>
     <span class='ocr_line' id='line_1_5' title="bbox 238 585 1776 641; baseline -0.001 -14"><span class='ocrx_word' id='word_1_24' title='bbox 238 585 472 627; x_wconf 89' lang='lat' dir='ltr'>Octavum</span> <span class='ocrx_word' id='word_1_25' title='bbox 515 592 838 627; x_wconf 81' lang='lat' dir='ltr'>ornamentum</span> <span class='ocrx_word' id='word_1_26' title='bbox 884 592 958 627; x_wconf 88' lang='lat' dir='ltr'>est</span> <span class='ocrx_word' id='word_1_27' title='bbox 997 586 1165 627; x_wconf 89' lang='lat' dir='ltr'>lamina</span> <span class='ocrx_word' id='word_1_28' title='bbox 1201 600 1353 637; x_wconf 82' lang='lat' dir='ltr'>aurea,</span> <span class='ocrx_word' id='word_1_29' title='bbox 1401 600 1493 641; x_wconf 89' lang='lat' dir='ltr'>que</span> <span class='ocrx_word' id='word_1_30' title='bbox 1515 600 1583 628; x_wconf 79' lang='lat' dir='ltr'>The</span> <span class='ocrx_word' id='word_1_31' title='bbox 1603 599 1674 635; x_wconf 82' lang='lat' dir='ltr'>gold</span> <span class='ocrx_word' id='word_1_32' title='bbox 1691 599 1776 639; x_wconf 77' lang='lat' dir='ltr'>plate</span> 
     </span>
     <span class='ocr_line' id='line_1_6' title="bbox 148 635 1756 709; baseline 0.001 -13"><span class='ocrx_word' id='word_1_33' title='bbox 148 656 409 706; x_wconf 81' lang='lat' dir='ltr'>5transiens</span> <span class='ocrx_word' id='word_1_34' title='bbox 453 657 510 697; x_wconf 93' lang='lat' dir='ltr'>ab</span> <span class='ocrx_word' id='word_1_35' title='bbox 545 670 657 697; x_wconf 89' lang='lat' dir='ltr'>aure</span> <span class='ocrx_word' id='word_1_36' title='bbox 699 656 747 697; x_wconf 90' lang='lat' dir='ltr'>in</span> <span class='ocrx_word' id='word_1_37' title='bbox 777 669 935 696; x_wconf 89' lang='lat' dir='ltr'>aurem</span> <span class='ocrx_word' id='word_1_38' title='bbox 977 669 1065 709; x_wconf 91' lang='lat' dir='ltr'>per</span> <span class='ocrx_word' id='word_1_39' title='bbox 1101 656 1306 697; x_wconf 89' lang='lat' dir='ltr'>frontem</span> <span class='ocrx_word' id='word_1_40' title='bbox 1336 656 1495 698; x_wconf 90' lang='lat' dir='ltr'>iuncta</span> <span class='ocrx_word' id='word_1_41' title='bbox 1526 643 1565 662; x_wconf 64' lang='grc' dir='ltr'>ΟΠ</span> <span class='ocrx_word' id='word_1_42' title='bbox 1586 635 1635 662; x_wconf 84' lang='lat' dir='ltr'>the</span> <span class='ocrx_word' id='word_1_43' title='bbox 1656 639 1756 663; x_wconf 62' lang='lat' dir='ltr'>mure.</span> 
     </span>
     <span class='ocr_line' id='line_1_7' title="bbox 181 725 1495 779; baseline 0 -13"><span class='ocrx_word' id='word_1_44' title='bbox 181 730 265 778; x_wconf 88' lang='lat' dir='ltr'>est,</span> <span class='ocrx_word' id='word_1_45' title='bbox 300 739 403 766; x_wconf 90' lang='lat' dir='ltr'>cum</span> <span class='ocrx_word' id='word_1_46' title='bbox 434 726 568 767; x_wconf 90' lang='lat' dir='ltr'>mitra</span> <span class='ocrx_word' id='word_1_47' title='bbox 597 726 687 767; x_wconf 87' lang='lat' dir='ltr'>filis</span> <span class='ocrx_word' id='word_1_48' title='bbox 718 725 993 777; x_wconf 83' lang='lat' dir='ltr'>iacinctivis,</span> <span class='ocrx_word' id='word_1_49' title='bbox 1038 725 1112 766; x_wconf 87' lang='lat' dir='ltr'>cui</span> <span class='ocrx_word' id='word_1_50' title='bbox 1141 725 1495 779; x_wconf 89' lang='lat' dir='ltr'>insculpebatur</span> 
     </span>
     <span class='ocr_line' id='line_1_8' title="bbox 179 795 1493 849; baseline 0 -13"><span class='ocrx_word' id='word_1_51' title='bbox 179 809 351 836; x_wconf 89' lang='lat' dir='ltr'>nornen</span> <span class='ocrx_word' id='word_1_52' title='bbox 392 796 585 837; x_wconf 84' lang='lat' dir='ltr'>Domini</span> <span class='ocrx_word' id='word_1_53' title='bbox 626 800 1000 849; x_wconf 70' lang='lat' dir='ltr'>tetragramaton,</span> <span class='ocrx_word' id='word_1_54' title='bbox 1047 796 1177 849; x_wconf 88' lang='lat' dir='ltr'>quod</span> <span class='ocrx_word' id='word_1_55' title='bbox 1218 795 1265 836; x_wconf 89' lang='lat' dir='ltr'>in</span> <span class='ocrx_word' id='word_1_56' title='bbox 1296 795 1493 837; x_wconf 87' lang='lat' dir='ltr'>Hebreo</span> 
     </span>
     <span class='ocr_line' id='line_1_9' title="bbox 179 865 1494 920; baseline 0 -15"><span class='ocrx_word' id='word_1_57' title='bbox 179 866 409 920; x_wconf 65' lang='lat' dir='ltr'>iuqffabz&#39;le</span> <span class='ocrx_word' id='word_1_58' title='bbox 429 866 715 917; x_wconf 58' lang='lat' dir='ltr'>nominatum</span> <span class='ocrx_word' id='word_1_59' title='bbox 747 879 836 920; x_wconf 87' lang='lat' dir='ltr'>per</span> <span class='ocrx_word' id='word_1_60' title='bbox 859 866 987 919; x_wconf 87' lang='lat' dir='ltr'>quod</span> <span class='ocrx_word' id='word_1_61' title='bbox 1011 865 1318 919; x_wconf 83' lang='lat' dir='ltr'>consignatur</span> <span class='ocrx_word' id='word_1_62' title='bbox 1338 865 1494 906; x_wconf 89' lang='lat' dir='ltr'>Deum</span> 
     </span>
     <span class='ocr_line' id='line_1_10' title="bbox 179 935 1494 977; baseline 0 -1"><span class='ocrx_word' id='word_1_63' title='bbox 179 937 381 976; x_wconf 89' lang='lat' dir='ltr'>omnium</span> <span class='ocrx_word' id='word_1_64' title='bbox 414 936 706 977; x_wconf 87' lang='lat' dir='ltr'>conditorem</span> <span class='ocrx_word' id='word_1_65' title='bbox 739 942 786 976; x_wconf 88' lang='lat' dir='ltr'>et</span> <span class='ocrx_word' id='word_1_66' title='bbox 806 941 1042 976; x_wconf 89' lang='lat' dir='ltr'>rectorem</span> <span class='ocrx_word' id='word_1_67' title='bbox 1073 935 1332 976; x_wconf 89' lang='lat' dir='ltr'>secundum</span> <span class='ocrx_word' id='word_1_68' title='bbox 1364 949 1494 976; x_wconf 88' lang='lat' dir='ltr'>suam</span> 
     </span>
     <span class='ocr_line' id='line_1_11' title="bbox 127 1005 1493 1060; baseline -0.001 -13"><span class='ocrx_word' id='word_1_69' title='bbox 127 1006 465 1059; x_wconf 76' lang='lat' dir='ltr'>10sapienciam</span> <span class='ocrx_word' id='word_1_70' title='bbox 510 1020 616 1047; x_wconf 88' lang='lat' dir='ltr'>esse</span> <span class='ocrx_word' id='word_1_71' title='bbox 653 1007 883 1060; x_wconf 84' lang='lat' dir='ltr'>precipue</span> <span class='ocrx_word' id='word_1_72' title='bbox 927 1020 951 1047; x_wconf 94' lang='lat' dir='ltr'>a</span> <span class='ocrx_word' id='word_1_73' title='bbox 987 1005 1293 1060; x_wconf 89' lang='lat' dir='ltr'>pontificibus</span> <span class='ocrx_word' id='word_1_74' title='bbox 1338 1011 1493 1046; x_wconf 87' lang='lat' dir='ltr'>osten-</span> 
     </span>
     <span class='ocr_line' id='line_1_12' title="bbox 181 1075 1493 1130; baseline 0 -15"><span class='ocrx_word' id='word_1_75' title='bbox 181 1076 385 1116; x_wconf 89' lang='lat' dir='ltr'>dendum</span> <span class='ocrx_word' id='word_1_76' title='bbox 406 1082 499 1117; x_wconf 90' lang='lat' dir='ltr'>tam</span> <span class='ocrx_word' id='word_1_77' title='bbox 515 1090 662 1130; x_wconf 89' lang='lat' dir='ltr'>opere</span> <span class='ocrx_word' id='word_1_78' title='bbox 685 1090 822 1130; x_wconf 88' lang='lat' dir='ltr'>quam</span> <span class='ocrx_word' id='word_1_79' title='bbox 845 1089 1077 1127; x_wconf 81' lang='lat' dir='ltr'>sermone,</span> <span class='ocrx_word' id='word_1_80' title='bbox 1091 1075 1155 1116; x_wconf 91' lang='lat' dir='ltr'>ita</span> <span class='ocrx_word' id='word_1_81' title='bbox 1170 1076 1298 1129; x_wconf 89' lang='lat' dir='ltr'>quod</span> <span class='ocrx_word' id='word_1_82' title='bbox 1319 1088 1493 1116; x_wconf 90' lang='lat' dir='ltr'>nomen</span> 
     </span>
     <span class='ocr_line' id='line_1_13' title="bbox 178 1144 1492 1200; baseline 0 -15"><span class='ocrx_word' id='word_1_83' title='bbox 178 1145 455 1200; x_wconf 87' lang='lat' dir='ltr'>inscriptum</span> <span class='ocrx_word' id='word_1_84' title='bbox 482 1145 720 1200; x_wconf 89' lang='lat' dir='ltr'>significet</span> <span class='ocrx_word' id='word_1_85' title='bbox 735 1146 1007 1199; x_wconf 80' lang='lat' dir='ltr'>essenciam‚</span> <span class='ocrx_word' id='word_1_86' title='bbox 1022 1159 1180 1186; x_wconf 88' lang='lat' dir='ltr'>aurum</span> <span class='ocrx_word' id='word_1_87' title='bbox 1195 1144 1492 1199; x_wconf 83' lang='lat' dir='ltr'>sapienciam,</span> 
     </span>
     <span class='ocr_line' id='line_1_14' title="bbox 179 1214 1492 1270; baseline -0.001 -14"><span class='ocrx_word' id='word_1_88' title='bbox 179 1215 499 1257; x_wconf 87' lang='lat' dir='ltr'>semicirculus</span> <span class='ocrx_word' id='word_1_89' title='bbox 521 1221 691 1270; x_wconf 89' lang='lat' dir='ltr'>patens</span> <span class='ocrx_word' id='word_1_90' title='bbox 712 1215 760 1256; x_wconf 90' lang='lat' dir='ltr'>in</span> <span class='ocrx_word' id='word_1_91' title='bbox 782 1215 938 1256; x_wconf 89' lang='lat' dir='ltr'>fronte</span> <span class='ocrx_word' id='word_1_92' title='bbox 961 1215 1197 1270; x_wconf 88' lang='lat' dir='ltr'>significet</span> <span class='ocrx_word' id='word_1_93' title='bbox 1221 1214 1320 1255; x_wconf 88' lang='lat' dir='ltr'>eius</span> <span class='ocrx_word' id='word_1_94' title='bbox 1341 1215 1492 1255; x_wconf 91' lang='lat' dir='ltr'>lucer-</span> 
     </span>
     <span class='ocr_line' id='line_1_15' title="bbox 178 1283 1494 1339; baseline -0.002 -14"><span class='ocrx_word' id='word_1_95' title='bbox 178 1298 283 1326; x_wconf 87' lang='lat' dir='ltr'>nam</span> <span class='ocrx_word' id='word_1_96' title='bbox 327 1286 385 1326; x_wconf 86' lang='lat' dir='ltr'>ad</span> <span class='ocrx_word' id='word_1_97' title='bbox 437 1291 571 1327; x_wconf 87' lang='lat' dir='ltr'>extra</span> <span class='ocrx_word' id='word_1_98' title='bbox 612 1285 659 1326; x_wconf 88' lang='lat' dir='ltr'>in</span> <span class='ocrx_word' id='word_1_99' title='bbox 703 1285 879 1326; x_wconf 89' lang='lat' dir='ltr'>fabrica</span> <span class='ocrx_word' id='word_1_100' title='bbox 912 1299 1049 1339; x_wconf 86' lang='lat' dir='ltr'>quam</span> <span class='ocrx_word' id='word_1_101' title='bbox 1092 1284 1270 1326; x_wconf 86' lang='lat' dir='ltr'>creavit</span> <span class='ocrx_word' id='word_1_102' title='bbox 1299 1283 1494 1324; x_wconf 88' lang='lat' dir='ltr'>accione</span> 
     </span>
     <span class='ocr_line' id='line_1_16' title="bbox 127 1353 1494 1403; baseline -0.002 -7"><span class='ocrx_word' id='word_1_103' title='bbox 127 1371 162 1403; x_wconf 79' lang='lat'>15</span> <span class='ocrx_word' id='word_1_104' title='bbox 180 1355 279 1396; x_wconf 87' lang='lat' dir='ltr'>eius</span> <span class='ocrx_word' id='word_1_105' title='bbox 303 1357 361 1396; x_wconf 89' lang='lat' dir='ltr'>ad</span> <span class='ocrx_word' id='word_1_106' title='bbox 380 1355 504 1396; x_wconf 89' lang='lat' dir='ltr'>intra</span> <span class='ocrx_word' id='word_1_107' title='bbox 526 1369 551 1396; x_wconf 92' lang='lat' dir='ltr'>a</span> <span class='ocrx_word' id='word_1_108' title='bbox 571 1355 705 1396; x_wconf 86' lang='lat' dir='ltr'>nobis</span> <span class='ocrx_word' id='word_1_109' title='bbox 728 1354 1023 1396; x_wconf 85' lang='lat' dir='ltr'>abscondita:</span> <span class='ocrx_word' id='word_1_110' title='bbox 1058 1368 1139 1395; x_wconf 90' lang='lat' dir='ltr'>ora</span> <span class='ocrx_word' id='word_1_111' title='bbox 1169 1360 1327 1395; x_wconf 88' lang='lat' dir='ltr'>autem</span> <span class='ocrx_word' id='word_1_112' title='bbox 1357 1353 1494 1393; x_wconf 89' lang='lat' dir='ltr'>huius</span> 
     </span>
     <span class='ocr_line' id='line_1_17' title="bbox 178 1424 1493 1479; baseline -0.002 -13"><span class='ocrx_word' id='word_1_113' title='bbox 178 1425 345 1466; x_wconf 90' lang='lat' dir='ltr'>lamine</span> <span class='ocrx_word' id='word_1_114' title='bbox 378 1425 627 1479; x_wconf 87' lang='lat' dir='ltr'>supposita</span> <span class='ocrx_word' id='word_1_115' title='bbox 649 1425 809 1479; x_wconf 86' lang='lat' dir='ltr'>signat</span> <span class='ocrx_word' id='word_1_116' title='bbox 831 1438 950 1479; x_wconf 90' lang='lat' dir='ltr'>opus</span> <span class='ocrx_word' id='word_1_117' title='bbox 975 1424 1243 1478; x_wconf 78' lang='lat' dir='ltr'>creacionis,</span> <span class='ocrx_word' id='word_1_118' title='bbox 1276 1437 1357 1464; x_wconf 91' lang='lat' dir='ltr'>ora</span> <span class='ocrx_word' id='word_1_119' title='bbox 1377 1436 1493 1464; x_wconf 85' lang='lat' dir='ltr'>vero</span> 
     </span>
     <span class='ocr_line' id='line_1_18' title="bbox 179 1493 1492 1549; baseline -0.002 -14"><span class='ocrx_word' id='word_1_120' title='bbox 179 1495 397 1548; x_wconf 88' lang='lat' dir='ltr'>superior</span> <span class='ocrx_word' id='word_1_121' title='bbox 428 1495 584 1549; x_wconf 89' lang='lat' dir='ltr'>signat</span> <span class='ocrx_word' id='word_1_122' title='bbox 616 1508 734 1549; x_wconf 89' lang='lat' dir='ltr'>opus</span> <span class='ocrx_word' id='word_1_123' title='bbox 767 1493 1144 1549; x_wconf 87' lang='lat' dir='ltr'>gubernacionis,</span> <span class='ocrx_word' id='word_1_124' title='bbox 1178 1499 1226 1535; x_wconf 89' lang='lat' dir='ltr'>et</span> <span class='ocrx_word' id='word_1_125' title='bbox 1259 1493 1492 1534; x_wconf 82' lang='lat' dir='ltr'>connexio</span> 
     </span>
     <span class='ocr_line' id='line_1_19' title="bbox 178 1562 1492 1618; baseline -0.002 -13"><span class='ocrx_word' id='word_1_126' title='bbox 178 1565 314 1605; x_wconf 91' lang='lat' dir='ltr'>huius</span> <span class='ocrx_word' id='word_1_127' title='bbox 365 1565 533 1606; x_wconf 89' lang='lat' dir='ltr'>lamine</span> <span class='ocrx_word' id='word_1_128' title='bbox 586 1579 691 1606; x_wconf 90' lang='lat' dir='ltr'>cum</span> <span class='ocrx_word' id='word_1_129' title='bbox 741 1564 877 1606; x_wconf 88' lang='lat' dir='ltr'>mitra</span> <span class='ocrx_word' id='word_1_130' title='bbox 927 1564 1093 1618; x_wconf 86' lang='lat' dir='ltr'>signat,</span> <span class='ocrx_word' id='word_1_131' title='bbox 1155 1564 1284 1617; x_wconf 84' lang='lat' dir='ltr'>quod</span> <span class='ocrx_word' id='word_1_132' title='bbox 1336 1562 1492 1603; x_wconf 85' lang='lat' dir='ltr'>officio</span> 
     </span>
     <span class='ocr_line' id='line_1_20' title="bbox 178 1630 1491 1689; baseline -0.002 -15"><span class='ocrx_word' id='word_1_133' title='bbox 178 1633 432 1687; x_wconf 87' lang='lat' dir='ltr'>spiritualis</span> <span class='ocrx_word' id='word_1_134' title='bbox 453 1634 757 1689; x_wconf 86' lang='lat' dir='ltr'>prepositure</span> <span class='ocrx_word' id='word_1_135' title='bbox 791 1633 1013 1688; x_wconf 89' lang='lat' dir='ltr'>coniungi</span> <span class='ocrx_word' id='word_1_136' title='bbox 1045 1633 1218 1674; x_wconf 89' lang='lat' dir='ltr'>debeat</span> <span class='ocrx_word' id='word_1_137' title='bbox 1248 1633 1337 1673; x_wconf 89' lang='lat' dir='ltr'>hec</span> <span class='ocrx_word' id='word_1_138' title='bbox 1370 1630 1491 1688; x_wconf 74' lang='lat' dir='ltr'>doc-1</span> 
     </span>
     <span class='ocr_line' id='line_1_21' title="bbox 59 1703 305 1751; baseline 0.004 -6"><span class='ocrx_word' id='word_1_139' title='bbox 59 1715 140 1751; x_wconf 78' lang='lat'><strong>232¹&gt;</strong></span> <span class='ocrx_word' id='word_1_140' title='bbox 176 1703 305 1746; x_wconf 88' lang='lat' dir='ltr'>trina.</span> 
     </span>
     <span class='ocr_line' id='line_1_22' title="bbox 235 1771 1742 1828; baseline -0.002 -13"><span class='ocrx_word' id='word_1_141' title='bbox 235 1775 404 1815; x_wconf 88' lang='lat' dir='ltr'>Preter</span> <span class='ocrx_word' id='word_1_142' title='bbox 448 1775 536 1815; x_wconf 89' lang='lat' dir='ltr'>hec</span> <span class='ocrx_word' id='word_1_143' title='bbox 583 1780 692 1815; x_wconf 91' lang='lat' dir='ltr'>octo</span> <span class='ocrx_word' id='word_1_144' title='bbox 739 1778 1015 1814; x_wconf 89' lang='lat' dir='ltr'>ornamento</span> <span class='ocrx_word' id='word_1_145' title='bbox 1050 1778 1159 1814; x_wconf 88' lang='lat' dir='ltr'>sunt</span> <span class='ocrx_word' id='word_1_146' title='bbox 1191 1771 1327 1824; x_wconf 80' lang='lat' dir='ltr'>anuli,</span> <span class='ocrx_word' id='word_1_147' title='bbox 1371 1771 1491 1812; x_wconf 88' lang='lat' dir='ltr'>vitte</span> <span class='ocrx_word' id='word_1_148' title='bbox 1542 1789 1643 1828; x_wconf 45' lang='lat' dir='ltr'>There:</span> <span class='ocrx_word' id='word_1_149' title='bbox 1661 1797 1742 1816; x_wconf 77' lang='lat' dir='ltr'>were</span> 
     </span>
     <span class='ocr_line' id='line_1_23' title="bbox 177 1825 1721 1898; baseline -0.003 -13"><span class='ocrx_word' id='word_1_150' title='bbox 177 1845 254 1885; x_wconf 86' lang='lat' dir='ltr'>Vel</span> <span class='ocrx_word' id='word_1_151' title='bbox 296 1845 441 1885; x_wconf 90' lang='lat' dir='ltr'>fibule</span> <span class='ocrx_word' id='word_1_152' title='bbox 485 1850 533 1885; x_wconf 91' lang='lat' dir='ltr'>et</span> <span class='ocrx_word' id='word_1_153' title='bbox 574 1844 883 1898; x_wconf 88' lang='lat' dir='ltr'>tyntinabula,</span> <span class='ocrx_word' id='word_1_154' title='bbox 930 1856 1022 1897; x_wconf 87' lang='lat' dir='ltr'>que</span> <span class='ocrx_word' id='word_1_155' title='bbox 1068 1846 1400 1896; x_wconf 89' lang='lat' dir='ltr'>computantur</span> <span class='ocrx_word' id='word_1_156' title='bbox 1442 1846 1494 1882; x_wconf 88' lang='lat' dir='ltr'>ut</span> <span class='ocrx_word' id='word_1_157' title='bbox 1560 1825 1721 1893; x_wconf 42' lang='lat' dir='ltr'>rizegsgdeetsc.</span> 
     </span>
    </p>
   </div>
   <div class='ocr_carea' id='block_1_3' title="bbox 1540 1894 1747 1921">
    <p class='ocr_par' dir='ltr' id='par_1_3' title="bbox 1540 1894 1747 1921">
     <span class='ocr_line' id='line_1_24' title="bbox 1540 1894 1747 1921; baseline -0.005 0"><span class='ocrx_word' id='word_1_158' title='bbox 1540 1894 1650 1921; x_wconf 87' lang='lat' dir='ltr'>reckon</span> <span class='ocrx_word' id='word_1_159' title='bbox 1657 1894 1695 1921; x_wconf 89' lang='lat' dir='ltr'>ed</span> <span class='ocrx_word' id='word_1_160' title='bbox 1714 1902 1747 1920; x_wconf 85' lang='lat' dir='ltr'>as</span> 
     </span>
    </p>
   </div>
   <div class='ocr_carea' id='block_1_4' title="bbox 176 1911 1748 2034">
    <p class='ocr_par' dir='ltr' id='par_1_4' title="bbox 176 1911 1748 2034">
     <span class='ocr_line' id='line_1_25' title="bbox 176 1911 1748 1969; baseline -0.003 -13"><span class='ocrx_word' id='word_1_161' title='bbox 176 1920 335 1968; x_wconf 89' lang='lat' dir='ltr'>partes</span> <span class='ocrx_word' id='word_1_162' title='bbox 358 1915 559 1956; x_wconf 88' lang='lat' dir='ltr'>vestium</span> <span class='ocrx_word' id='word_1_163' title='bbox 580 1914 909 1969; x_wconf 86' lang='lat' dir='ltr'>predictarum.</span> <span class='ocrx_word' id='word_1_164' title='bbox 942 1913 1106 1954; x_wconf 88' lang='lat' dir='ltr'>Debet</span> <span class='ocrx_word' id='word_1_165' title='bbox 1128 1912 1251 1953; x_wconf 89' lang='lat' dir='ltr'>enim</span> <span class='ocrx_word' id='word_1_166' title='bbox 1274 1911 1494 1965; x_wconf 78' lang='lat' dir='ltr'>pontifex</span> <span class='ocrx_word' id='word_1_167' title='bbox 1543 1933 1628 1964; x_wconf 60' lang='lat' dir='ltr'>pam</span> <span class='ocrx_word' id='word_1_168' title='bbox 1648 1929 1682 1955; x_wconf 75' lang='lat' dir='ltr'>of</span> <span class='ocrx_word' id='word_1_169' title='bbox 1698 1928 1748 1956; x_wconf 84' lang='lat' dir='ltr'>the</span> 
     </span>
     <span class='ocr_line' id='line_1_26' title="bbox 176 1967 1738 2034; baseline 0 -9"><span class='ocrx_word' id='word_1_170' title='bbox 176 1984 223 2025; x_wconf 91' lang='lat' dir='ltr'>in</span> <span class='ocrx_word' id='word_1_171' title='bbox 267 1998 353 2025; x_wconf 89' lang='lat' dir='ltr'>suo</span> <span class='ocrx_word' id='word_1_172' title='bbox 399 1984 556 2025; x_wconf 87' lang='lat' dir='ltr'>officio</span> <span class='ocrx_word' id='word_1_173' title='bbox 598 1985 774 2025; x_wconf 86' lang='lat' dir='ltr'>habere</span> <span class='ocrx_word' id='word_1_174' title='bbox 813 1983 1017 2025; x_wconf 87' lang='lat' dir='ltr'>tunicam</span> <span class='ocrx_word' id='word_1_175' title='bbox 1048 1981 1356 2034; x_wconf 80' lang='lat' dir='ltr'>iacinctinam,</span> <span class='ocrx_word' id='word_1_176' title='bbox 1400 1994 1492 2034; x_wconf 89' lang='lat' dir='ltr'>que</span> <span class='ocrx_word' id='word_1_177' title='bbox 1549 1967 1738 2026; x_wconf 56' lang='grc' dir='ltr'>ηῗέιῖἷῗιῗέζὲ.</span> 
     </span>
    </p>
   </div>
   <div class='ocr_carea' id='block_1_5' title="bbox 120 2050 1758 2514">
    <p class='ocr_par' dir='ltr' id='par_1_5' title="bbox 120 2050 1758 2514">
     <span class='ocr_line' id='line_1_27' title="bbox 120 2050 1494 2108; baseline -0.007 -9"><span class='ocrx_word' id='word_1_178' title='bbox 120 2066 161 2099; x_wconf 88' lang='lat'>25</span> <span class='ocrx_word' id='word_1_179' title='bbox 177 2054 369 2107; x_wconf 85' lang='lat' dir='ltr'>poderis</span> <span class='ocrx_word' id='word_1_180' title='bbox 402 2054 584 2108; x_wconf 82' lang='lat' dir='ltr'>dicitur,</span> <span class='ocrx_word' id='word_1_181' title='bbox 614 2055 661 2095; x_wconf 91' lang='lat' dir='ltr'>in</span> <span class='ocrx_word' id='word_1_182' title='bbox 694 2054 826 2095; x_wconf 89' lang='lat' dir='ltr'>cuius</span> <span class='ocrx_word' id='word_1_183' title='bbox 854 2052 1065 2107; x_wconf 86' lang='lat' dir='ltr'>margine</span> <span class='ocrx_word' id='word_1_184' title='bbox 1097 2051 1307 2093; x_wconf 84' lang='lat' dir='ltr'>inferiori</span> <span class='ocrx_word' id='word_1_185' title='bbox 1337 2050 1494 2091; x_wconf 88' lang='lat' dir='ltr'>forent</span> 
     </span>
     <span class='ocr_line' id='line_1_28' title="bbox 178 2120 1493 2179; baseline -0.003 -15"><span class='ocrx_word' id='word_1_186' title='bbox 178 2124 479 2178; x_wconf 86' lang='lat' dir='ltr'>septuaginta</span> <span class='ocrx_word' id='word_1_187' title='bbox 521 2124 818 2179; x_wconf 89' lang='lat' dir='ltr'>tyntinabula</span> <span class='ocrx_word' id='word_1_188' title='bbox 850 2136 989 2164; x_wconf 90' lang='lat' dir='ltr'>aurea</span> <span class='ocrx_word' id='word_1_189' title='bbox 1021 2127 1070 2163; x_wconf 91' lang='lat' dir='ltr'>et</span> <span class='ocrx_word' id='word_1_190' title='bbox 1099 2127 1172 2163; x_wconf 91' lang='lat' dir='ltr'>tot</span> <span class='ocrx_word' id='word_1_191' title='bbox 1204 2120 1385 2162; x_wconf 85' lang='lat' dir='ltr'>vasculi</span> <span class='ocrx_word' id='word_1_192' title='bbox 1414 2120 1493 2161; x_wconf 86' lang='lat' dir='ltr'>vel</span> 
     </span>
     <span class='ocr_line' id='line_1_29' title="bbox 177 2189 1492 2248; baseline -0.004 -14"><span class='ocrx_word' id='word_1_193' title='bbox 177 2194 338 2234; x_wconf 89' lang='lat' dir='ltr'>noduli</span> <span class='ocrx_word' id='word_1_194' title='bbox 360 2194 493 2248; x_wconf 87' lang='lat' dir='ltr'>quasi</span> <span class='ocrx_word' id='word_1_195' title='bbox 512 2195 630 2235; x_wconf 85' lang='lat' dir='ltr'>mala</span> <span class='ocrx_word' id='word_1_196' title='bbox 650 2194 821 2248; x_wconf 88' lang='lat' dir='ltr'>punica</span> <span class='ocrx_word' id='word_1_197' title='bbox 844 2192 1096 2243; x_wconf 78' lang='lat' dir='ltr'>commixti,</span> <span class='ocrx_word' id='word_1_198' title='bbox 1119 2197 1170 2233; x_wconf 92' lang='lat' dir='ltr'>ut</span> <span class='ocrx_word' id='word_1_199' title='bbox 1183 2189 1492 2245; x_wconf 86' lang='lat' dir='ltr'>ingradiendo</span> 
     </span>
     <span class='ocr_line' id='line_1_30' title="bbox 178 2259 1492 2315; baseline -0.004 -11"><span class='ocrx_word' id='word_1_200' title='bbox 178 2264 487 2305; x_wconf 89' lang='lat' dir='ltr'>sanctuarium</span> <span class='ocrx_word' id='word_1_201' title='bbox 509 2264 691 2305; x_wconf 90' lang='lat' dir='ltr'>sonitus</span> <span class='ocrx_word' id='word_1_202' title='bbox 713 2263 936 2306; x_wconf 90' lang='lat' dir='ltr'>audiatur.</span> <span class='ocrx_word' id='word_1_203' title='bbox 971 2261 1049 2304; x_wconf 88' lang='lat' dir='ltr'>Sic</span> <span class='ocrx_word' id='word_1_204' title='bbox 1072 2263 1160 2302; x_wconf 91' lang='lat' dir='ltr'>sub</span> <span class='ocrx_word' id='word_1_205' title='bbox 1183 2273 1308 2315; x_wconf 86' lang='lat' dir='ltr'>pena</span> <span class='ocrx_word' id='word_1_206' title='bbox 1328 2259 1492 2300; x_wconf 89' lang='lat' dir='ltr'>mortis</span> 
     </span>
     <span class='ocr_line' id='line_1_31' title="bbox 179 2327 1492 2388; baseline -0.005 -13"><span class='ocrx_word' id='word_1_207' title='bbox 179 2334 324 2375; x_wconf 85' lang='lat' dir='ltr'>debet</span> <span class='ocrx_word' id='word_1_208' title='bbox 364 2333 586 2388; x_wconf 85' lang='lat' dir='ltr'>pontifex</span> <span class='ocrx_word' id='word_1_209' title='bbox 617 2347 784 2374; x_wconf 88' lang='lat' dir='ltr'>sonare</span> <span class='ocrx_word' id='word_1_210' title='bbox 815 2334 1016 2373; x_wconf 86' lang='lat' dir='ltr'>verbum</span> <span class='ocrx_word' id='word_1_211' title='bbox 1060 2329 1304 2385; x_wconf 89' lang='lat' dir='ltr'>sapiencie</span> <span class='ocrx_word' id='word_1_212' title='bbox 1335 2327 1492 2383; x_wconf 86' lang='lat' dir='ltr'>predi-</span> 
     </span>
     <span class='ocr_line' id='line_1_32' title="bbox 122 2399 1256 2457; baseline -0.003 -13"><span class='ocrx_word' id='word_1_213' title='bbox 122 2415 164 2446; x_wconf 76' lang='lat'>30</span> <span class='ocrx_word' id='word_1_214' title='bbox 180 2404 327 2444; x_wconf 88' lang='lat' dir='ltr'>cando</span> <span class='ocrx_word' id='word_1_215' title='bbox 362 2409 409 2444; x_wconf 92' lang='lat' dir='ltr'>et</span> <span class='ocrx_word' id='word_1_216' title='bbox 440 2417 586 2457; x_wconf 88' lang='lat' dir='ltr'>opera</span> <span class='ocrx_word' id='word_1_217' title='bbox 616 2402 861 2443; x_wconf 85' lang='lat' dir='ltr'>fructifera</span> <span class='ocrx_word' id='word_1_218' title='bbox 893 2399 1256 2442; x_wconf 90' lang='lat' dir='ltr'>commiscendo.</span> 
     </span>
     <span class='ocr_line' id='line_1_33' title="bbox 235 2467 1758 2514; baseline -0.006 0"><span class='ocrx_word' id='word_1_219' title='bbox 235 2472 342 2513; x_wconf 89' lang='lat' dir='ltr'>Alia</span> <span class='ocrx_word' id='word_1_220' title='bbox 374 2479 528 2514; x_wconf 91' lang='lat' dir='ltr'>autem</span> <span class='ocrx_word' id='word_1_221' title='bbox 551 2472 891 2514; x_wconf 89' lang='lat' dir='ltr'>confibulancia</span> <span class='ocrx_word' id='word_1_222' title='bbox 911 2472 993 2512; x_wconf 89' lang='lat' dir='ltr'>has</span> <span class='ocrx_word' id='word_1_223' title='bbox 1017 2476 1179 2511; x_wconf 87' lang='lat' dir='ltr'>vestes</span> <span class='ocrx_word' id='word_1_224' title='bbox 1203 2469 1262 2509; x_wconf 89' lang='lat' dir='ltr'>ad</span> <span class='ocrx_word' id='word_1_225' title='bbox 1287 2467 1491 2508; x_wconf 89' lang='lat' dir='ltr'>invicem</span> <span class='ocrx_word' id='word_1_226' title='bbox 1526 2473 1611 2501; x_wconf 86' lang='lat' dir='ltr'>Four</span> <span class='ocrx_word' id='word_1_227' title='bbox 1631 2481 1758 2501; x_wconf 79' lang='lat' dir='ltr'>reasons</span> 
     </span>
    </p>
   </div>
   <div class='ocr_carea' id='block_1_6' title="bbox 1577 2509 1717 2536">
    <p class='ocr_par' dir='ltr' id='par_1_6' title="bbox 1577 2509 1717 2536">
     <span class='ocr_line' id='line_1_34' title="bbox 1577 2509 1717 2536; baseline -0.014 0"><span class='ocrx_word' id='word_1_228' title='bbox 1577 2509 1626 2536; x_wconf 81' lang='lat' dir='ltr'>for</span> <span class='ocrx_word' id='word_1_229' title='bbox 1645 2509 1717 2535; x_wconf 78' lang='lat' dir='ltr'>thus</span> 
     </span>
    </p>
   </div>
   <div class='ocr_carea' id='block_1_7' title="bbox 179 2536 1758 2614">
    <p class='ocr_par' dir='ltr' id='par_1_7' title="bbox 179 2536 1758 2614">
     <span class='ocr_line' id='line_1_35' title="bbox 179 2536 1758 2614; baseline -0.004 -31"><span class='ocrx_word' id='word_1_230' title='bbox 179 2542 334 2598; x_wconf 88' lang='lat' dir='ltr'>signat</span> <span class='ocrx_word' id='word_1_231' title='bbox 381 2543 627 2584; x_wconf 87' lang='lat' dir='ltr'>cathenam</span> <span class='ocrx_word' id='word_1_232' title='bbox 659 2555 858 2595; x_wconf 82' lang='lat' dir='ltr'>auream,</span> <span class='ocrx_word' id='word_1_233' title='bbox 903 2554 994 2595; x_wconf 87' lang='lat' dir='ltr'>qua</span> <span class='ocrx_word' id='word_1_234' title='bbox 1040 2539 1206 2580; x_wconf 88' lang='lat' dir='ltr'>caritas</span> <span class='ocrx_word' id='word_1_235' title='bbox 1252 2536 1493 2579; x_wconf 86' lang='lat' dir='ltr'>connectit</span> <span class='ocrx_word' id='word_1_236' title='bbox 1535 2543 1758 2614; x_wconf 47' lang='lat' dir='ltr'>adsssrisssstgsfhe</span> 
     </span>
    </p>
   </div>
   <div class='ocr_carea' id='block_1_8' title="bbox 179 2606 1492 2667">
    <p class='ocr_par' dir='ltr' id='par_1_8' title="bbox 179 2606 1492 2667">
     <span class='ocr_line' id='line_1_36' title="bbox 179 2606 1492 2667; baseline -0.005 -14"><span class='ocrx_word' id='word_1_237' title='bbox 179 2613 332 2653; x_wconf 90' lang='lat' dir='ltr'>omnia</span> <span class='ocrx_word' id='word_1_238' title='bbox 361 2626 507 2667; x_wconf 89' lang='lat' dir='ltr'>opera</span> <span class='ocrx_word' id='word_1_239' title='bbox 537 2617 671 2667; x_wconf 90' lang='lat' dir='ltr'>grata</span> <span class='ocrx_word' id='word_1_240' title='bbox 691 2613 811 2655; x_wconf 89' lang='lat' dir='ltr'>Deo.</span> <span class='ocrx_word' id='word_1_241' title='bbox 844 2611 983 2652; x_wconf 85' lang='lat' dir='ltr'>Unde</span> <span class='ocrx_word' id='word_1_242' title='bbox 1016 2615 1218 2664; x_wconf 89' lang='lat' dir='ltr'>quatuor</span> <span class='ocrx_word' id='word_1_243' title='bbox 1251 2620 1412 2648; x_wconf 86' lang='lat' dir='ltr'>causas</span> <span class='ocrx_word' id='word_1_244' title='bbox 1443 2606 1492 2647; x_wconf 87' lang='lat' dir='ltr'>in</span> 
     </span>
    </p>
   </div>
   <div class='ocr_carea' id='block_1_9' title="bbox 177 2766 1492 2903">
    <p class='ocr_par' dir='ltr' id='par_1_9' title="bbox 177 2766 1492 2903">
     <span class='ocr_line' id='line_1_37' title="bbox 250 2766 1492 2809; baseline -0.007 -7"><span class='ocrx_word' id='word_1_245' title='bbox 250 2783 272 2803; x_wconf 87' lang='lat'>1.</span> <span class='ocrx_word' id='word_1_246' title='bbox 294 2774 410 2802; x_wconf 80' lang='lat' dir='ltr'>Codd.=</span> <span class='ocrx_word' id='word_1_247' title='bbox 435 2782 494 2809; x_wconf 85' lang='lat' dir='ltr'>per</span> <span class='ocrx_word' id='word_1_248' title='bbox 519 2774 641 2809; x_wconf 86' lang='lat' dir='ltr'>occiput</span> <span class='ocrx_word' id='word_1_249' title='bbox 664 2774 786 2801; x_wconf 81' lang='lat' dir='ltr'>mitram</span> <span class='ocrx_word' id='word_1_250' title='bbox 812 2773 889 2807; x_wconf 82' lang='lat' dir='ltr'>(sic).</span> <span class='ocrx_word' id='word_1_251' title='bbox 963 2780 994 2806; x_wconf 87' lang='lat'>4.</span> <span class='ocrx_word' id='word_1_252' title='bbox 1021 2770 1120 2799; x_wconf 90' lang='lat' dir='ltr'>Codd.</span> <span class='ocrx_word' id='word_1_253' title='bbox 1147 2771 1177 2797; x_wconf 91' lang='lat' dir='ltr'>in</span> <span class='ocrx_word' id='word_1_254' title='bbox 1206 2776 1320 2804; x_wconf 64' lang='lat' dir='ltr'>marg:</span> <span class='ocrx_word' id='word_1_255' title='bbox 1344 2766 1492 2795; x_wconf 83' lang='lat' dir='ltr'>Octavum</span> 
     </span>
     <span class='ocr_line' id='line_1_38' title="bbox 177 2813 1491 2856; baseline -0.007 -7"><span class='ocrx_word' id='word_1_256' title='bbox 177 2822 303 2849; x_wconf 83' lang='lat' dir='ltr'>lamina.</span> <span class='ocrx_word' id='word_1_257' title='bbox 377 2829 404 2856; x_wconf 83' lang='lat'>7.</span> <span class='ocrx_word' id='word_1_258' title='bbox 428 2820 528 2849; x_wconf 92' lang='lat' dir='ltr'>Codd.</span> <span class='ocrx_word' id='word_1_259' title='bbox 549 2821 579 2848; x_wconf 84' lang='lat' dir='ltr'>in</span> <span class='ocrx_word' id='word_1_260' title='bbox 601 2828 718 2855; x_wconf 58' lang='lat' dir='ltr'>marg:</span> <span class='ocrx_word' id='word_1_261' title='bbox 743 2819 967 2855; x_wconf 82' lang='lat' dir='ltr'>Tetragmaton</span> <span class='ocrx_word' id='word_1_262' title='bbox 987 2817 1063 2853; x_wconf 80' lang='lat' dir='ltr'>quid</span> <span class='ocrx_word' id='word_1_263' title='bbox 1080 2817 1192 2853; x_wconf 76' lang='lat' dir='ltr'>signet.</span> <span class='ocrx_word' id='word_1_264' title='bbox 1267 2814 1317 2843; x_wconf 84' lang='lat'>26.</span> <span class='ocrx_word' id='word_1_265' title='bbox 1339 2813 1439 2841; x_wconf 88' lang='lat' dir='ltr'>Codd.</span> <span class='ocrx_word' id='word_1_266' title='bbox 1460 2813 1491 2840; x_wconf 87' lang='lat' dir='ltr'>in</span> 
     </span>
     <span class='ocr_line' id='line_1_39' title="bbox 179 2858 1492 2903; baseline -0.008 -8"><span class='ocrx_word' id='word_1_267' title='bbox 179 2875 292 2903; x_wconf 58' lang='lat' dir='ltr'>marg:</span> <span class='ocrx_word' id='word_1_268' title='bbox 318 2867 536 2901; x_wconf 82' lang='lat' dir='ltr'>Tintynabula.</span> <span class='ocrx_word' id='word_1_269' title='bbox 646 2865 693 2894; x_wconf 84' lang='lat'>33.</span> <span class='ocrx_word' id='word_1_270' title='bbox 723 2864 822 2893; x_wconf 89' lang='lat' dir='ltr'>Codd.</span> <span class='ocrx_word' id='word_1_271' title='bbox 853 2864 884 2891; x_wconf 88' lang='lat' dir='ltr'>in</span> <span class='ocrx_word' id='word_1_272' title='bbox 912 2871 1026 2897; x_wconf 77' lang='lat' dir='ltr'>marg.:</span> <span class='ocrx_word' id='word_1_273' title='bbox 1058 2862 1308 2890; x_wconf 77' lang='lat' dir='ltr'>Vestimentorum</span> <span class='ocrx_word' id='word_1_274' title='bbox 1332 2858 1492 2895; x_wconf 81' lang='lat' dir='ltr'>pontificis</span> 
     </span>
    </p>
   </div>
   <div class='ocr_carea' id='block_1_10' title="bbox 179 2916 607 2949">
    <p class='ocr_par' dir='ltr' id='par_1_10' title="bbox 179 2916 607 2949">
     <span class='ocr_line' id='line_1_40' title="bbox 179 2916 607 2949; baseline -0.005 -8"><span class='ocrx_word' id='word_1_275' title='bbox 179 2917 313 2949; x_wconf 84' lang='lat' dir='ltr'>quatuor</span> <span class='ocrx_word' id='word_1_276' title='bbox 326 2916 488 2948; x_wconf 81' lang='lat' dir='ltr'>ponuntur</span> <span class='ocrx_word' id='word_1_277' title='bbox 507 2920 607 2940; x_wconf 76' lang='lat' dir='ltr'>cause.</span> 
     </span>
    </p>
   </div>
  </div>
 </body>
</html>
