2078 3338
214 257 294 305 256>

934 267 1159 301 JOHANNIS
1186 268 1371 301 W’YCLIF
1647 257 1752 309 [CAP.
1774 266 1811 294 X.

501 385 700 426 cumque
744 372 998 425 theologus
1044 372 1216 414 dixerit
1257 373 1394 413 huius
1441 373 1735 424 contrarium,
1788 387 1813 413 a

498 440 720 483 facultate
753 455 836 482 sua
868 442 1140 496 degenerat.

555 510 724 552 Tercio
770 511 1026 565 replicatur
1070 525 1132 552 ex
1169 511 1296 553 dieto
1329 512 1672 566 Lynconiensis
1705 513 1813 566 Epi-

499 580 620 621 stola
670 579 912 631 XXXVI,
964 580 1044 621 ubi
1097 581 1164 622 sic
1214 581 1445 635 loquitur:
1503 581 1628 623 Sicut
1676 594 1815 635 snper

497 651 661 691 mnndi
691 651 903 692 cardines
929 652 1131 692 miindns
1162 652 1374 692 innititur
1405 664 1646 704 eorm-nque
1666 651 1847 703 fulci-5

498 720 619 761 mine
649 724 958 773 supportatur,
990 721 1056 761 sic
1085 733 1224 774 super
1244 724 1394 762 sancte
1414 721 1620 763 Romane
1641 722 1816 763 ecclesie

497 789 759 831 cardinales
795 791 917 831 orbis
952 793 1187 832 terrarum
1218 791 1295 843 qui
1325 803 1413 831 non
1451 792 1814 837 commovebitur,

497 859 546 898 id
567 861 629 900 est
650 860 925 901 universalis
957 860 1141 901 ecclesia
1168 873 1249 913 que
1271 861 1408 902 nullis
1436 861 1817 902 conzniocionibns

497 940 527 968 a
548 929 791 970 stabilitate
799 930 920 981 fidei
940 930 1144 979 deicitur,
1156 931 1257 981 fixe
1278 931 1489 971 innititur
1510 933 1549 971 et
1570 931 1625 971 ab
1648 931 1816 971 eisdem

497 997 625 1049 forte
655 1001 693 1039 et
721 999 932 1049 firmiter
960 1000 1220 1040 sustinetur.
1273 999 1370 1052 Ipsi
1419 1000 1538 1041 enirn
1570 1004 1675 1041 sunt
1707 1012 1817 1052 quos
1837 1014 1874 1035 10

495 1071 622 1108 vocat
650 1068 896 1120 psalmista
928 1068 1242 1120 fundamenta
1281 1070 1403 1109 orbis
1433 1073 1683 1117 terrarum,
1727 1069 1817 1122 ipsi

496 1139 602 1177 sunt
623 1137 676 1177 de
696 1138 857 1190 quibus
885 1139 933 1178 in
963 1138 1052 1179 Yob
1073 1140 1309 1181 scribitur:
1332 1138 1424 1180 Sub
1453 1152 1536 1191 quo
1566 1142 1817 1180 curvantur

497 1206 574 1257 qni
600 1210 787 1259 portant
817 1208 990 1254 orbe1n3
1031 1209 1141 1249 dum
1175 1209 1294 1249 enim
1333 1221 1472 1250 curas
1504 1209 1678 1250 ecclesie
1709 1220 1814 1249 one-

497 1287 638 1327 raque
692 1280 956 1318 cunctorum
1012 1279 1216 1328 tolerant,
1280 1279 1413 1331 quasi
1454 1279 1540 1319 sibi
1582 1279 1814 1331 superim-

495 1346 695 1397 positum
727 1347 877 1387 orbem
906 1351 1103 1400 portant.
1136 1347 1191 1388 Et
1221 1349 1337 1389 sicut
1368 1349 1414 1389 in
1447 1349 1620 1389 mundo
1652 1347 1818 1389 visibili
1838 1352 1872 1383 15

497 1415 565 1454 sol
596 1416 677 1456 iste
708 1417 977 1469 conspicuus
1007 1429 1089 1458 suo
1113 1418 1418 1470 preemineuii
1450 1418 1623 1458 lumine
1655 1417 1819 1458 inu-ndi

498 1485 704 1526 tenebras
737 1489 913 1538 purgat
949 1486 1332 1539 singulariterque
1365 1487 1590 1527 inundunz
1619 1487 1819 1526 illustrat

499 1557 708 1606 motuque
751 1566 832 1594 suo
877 1555 1222 1596 ordinatissimo
1267 1559 1433 1597 ceteros
1471 1559 1619 1596 motus
1655 1567 1817 1608 corpo-

498 1624 622 1664 rales
664 1624 901 1664 naturales
943 1625 1127 1665 ordinat
1158 1628 1197 1665 ei
1233 1626 1425 1678 regulas,
1468 1626 1534 1665 sic
1575 1626 1620 1665 in
1666 1625 1815 1665 orbem

499 1693 674 1734 ecclesie
705 1706 914 1735 suminus
938 1692 1142 1747 poni-ifex
1172 1696 1311 1736 vicem
1335 1696 1444 1736 solis
1465 1696 1625 1736 obtinet
1640 1698 1816 1748 precel-
1836 1709 1850 1730 2

498 1762 605 1802 lenti
635 1763 731 1804 luce
762 1764 961 1803 doctrine
993 1768 1031 1805 et
1063 1765 1333 1805 eximiorum
1358 1776 1560 1817 operum,
1593 1765 1815 1805 mundum

496 1839 708 1884 purgans
735 1830 739 1887 Ι
768 1833 824 1873 ab
855 1845 1066 1874 errorum
1101 1834 1302 1884 tenebris,
1336 1836 1398 1874 ad
1428 1834 1631 1875 veritatis
1661 1834 1816 1886 cogni-

499 1902 670 1942 cionem
704 1903 935 1954 singulari
966 1904 1267 1956 prerogativa
1306 1904 1495 1945 eundem
1535 1904 1817 1954 illuminaus,

499 1983 655 2012 omnes
687 1972 829 2013 eciam
862 1977 1012 2014 motus
1033 1974 1266 2014 acciouum
1292 1975 1337 2014 in
1363 1974 1613 2014 universali
1636 1973 1818 2014 ecclesia

1859 1836 1940 1871 225”

500 2041 800 2093 disposicione
835 2054 921 2082 sua
954 2044 1188 2094 ordinans,
1220 2044 1440 2096 regularis
1477 2046 1515 2083 et
1542 2044 1817 2096 gubernans.
1836 2048 1875 2080 25

505 2109 903 2162 Quei-nadmoduni
947 2113 1091 2165 igitur
1149 2113 1314 2153 mundi
1361 2116 1517 2163 status,
1589 2113 1721 2153 decor
1781 2114 1820 2151 ct

500 2181 610 2221 ordo
643 2185 747 2233 post
778 2183 941 2222 mundi
972 2182 1250 2223 conditorem
1284 2182 1594 2234 angelicosque
1627 2182 1821 2234 spiritns

500 2250 562 2289 ad
592 2250 840 2291 conditoris
873 2254 1032 2292 nutum
1057 2252 1492 2304 administratorios,
1525 2252 1680 2291 debent
1711 2252 1816 2291 sub-

501 2331 592 2360 esse
622 2320 709 2360 soli
738 2321 906 2360 visibili
939 2322 1185 2373 mundique
1215 2321 1492 2371 cardinibus,
1523 2322 1588 2360 sic
1616 2324 1663 2360 ut
1684 2333 1817 2360 vera-

499 2390 608 2429 citer
639 2390 843 2431 senciunt
885 2391 962 2443 qm·
997 2403 1081 2442 que
1122 2403 1311 2432 sursum
1344 2395 1447 2432 sunt
1485 2391 1683 2444 sapiunt,
1715 2392 1851 2443 post3

500 2459 663 2500 mundi
694 2459 972 2501 conditorem
1006 2463 1045 2501 et
1081 2461 1413 2514 redemptorem
1451 2461 1717 2512 curiamque
1746 2471 1817 2500 ce—

502 2529 653 2570 lestem
677 2541 727 2570 ex
757 2529 993 2582 spiritibus
1021 2531 1161 2572 beatis
1183 2531 1452 2583 angelorum
1487 2533 1526 2571 et
1554 2533 1816 2571 sanctoruni

571 2664 598 2694 3.
624 2666 722 2694 (lod-1.
751 2666 782 2694 in
809 2675 924 2702 marg:
950 2668 1174 2704 Argumentum
1197 2677 1257 2704 pro
1280 2676 1378 2704 papa.
1451 2678 1480 2703 4,
1506 2669 1532 2696 5.
1559 2669 1596 2695 B:
1624 2669 1704 2696 sicut
1726 2676 1820 2703 super

501 2711 607 2739 mundi
625 2713 722 2740 deest.
795 2713 823 2741 6.
846 2713 946 2741 Codd.
968 2714 997 2741 in
1020 2722 1133 2749 marg:
1162 2713 1376 2743 Cardimzlium
1402 2716 1470 2742 laus
1489 2723 1547 2751 per
1565 2715 1818 2742 Lincolniensem.

503 2758 551 2793 28,
575 2767 626 2794 29.
645 2758 749 2787 Recte:
770 2759 882 2787 debent
899 2768 932 2788 se
949 2761 1016 2788 soli.

570 2842 601 2870 4.
629 2831 806 2863 Robertus
825 2832 1007 2864 Grosseste
1027 2833 1205 2875 Epistolae
1233 2834 1286 2865 ed.
1315 2834 1429 2865 Luard
1457 2844 1489 2876 p.
1515 2833 1586 2866 125.
1688 2844 1735 2867 ω,
1763 2834 1817 2866 Ps.

501 2888 604 2929 XVII,
637 2888 686 2922 16.
788 2899 837 2924 11.
863 2890 940 2923 Job.
967 2891 1022 2933 IX,
1054 2892 1103 2924 13.

1857 2408 1877 2427 Ο
