2078 3338
240 282 321 319 354

300 1712 367 1740 The
389 1720 470 1747 pope

289 1749 397 1775 claims
417 1748 481 1774 that

284 1783 429 1810 whoever
451 1783 488 1809 he

261 1821 504 1878 p

303 1869 457 1922 fiudufied.

960 276 1184 308 JoflANNIS
1211 276 1397 308 WYCLIF
1639 264 1745 320 [CAP.
1775 275 1838 302 ΧΠ.

529 385 576 420 et
618 379 845 430 homines,
898 385 945 420 et
989 380 1055 420 sic
1101 386 1264 421 contra
1308 379 1542 422 Christum
1595 386 1643 421 et
1687 381 1842 435 legem

530 462 659 489 suam
701 449 895 502 palliant
939 463 1000 490 ex
1044 463 1094 490 se
1149 450 1280 490 aliam
1333 450 1621 503 dignitatem.
1682 450 1846 490 Manet

529 518 778 571 (inquiunt)
811 525 1236 573 quantumcumque
1268 519 1488 572 indignus
1514 520 1669 573 quoad
1690 520 1845 559 Deum

531 601 591 627 ex
625 588 902 628 auctoritate
934 594 1095 629 nostra
1128 589 1313 642 dignus,
1359 603 1609 643 quousque
1647 602 1735 629 nos
1767 589 1845 629 vel

530 663 718 711 satrape
751 657 902 698 nostri
935 658 1284 699 decreverimus
1317 658 1430 712 quid
1461 658 1522 699 sit
1557 658 1747 709 iustum;
1800 663 1878 697 et5

528 726 644 767 illud
689 728 930 768 decretum
963 728 1016 768 fit
1048 728 1356 769 communiter
1400 734 1562 769 contra
1603 728 1845 778 iusticiam,

531 797 639 837 dum
674 810 831 837 emens
864 797 1073 838 iniuriam
1106 798 1311 838 voluerit
1342 798 1449 851 plus
1484 798 1712 839 conferre.
1766 796 1847 839 Se-

532 866 712 906 cukffes
747 866 892 906 ecstun
921 867 1708 920 vohun:quod secundun11eges
1741 880 1847 907 suas

530 935 623 976 Dei
664 936 828 976 iniuria
873 937 1152 977 destruatur.
1203 936 1289 976 Isti
1340 942 1493 977 autern
1538 936 1849 990 sophisticant

535 1005 664 1058 quod
727 1006 785 1045 ad
846 1006 1248 1059 multiplicandum
1308 1008 1520 1046 membra
1569 1005 1850 1046 Antichristi
1869 1022 1907 1043 10

535 1075 692 1127 quoad
732 1075 967 1116 Christum
1016 1075 1183 1116 iniuria
1231 1075 1462 1128 foveatur,
1513 1081 1564 1116 ut
1606 1081 1739 1129 patet
1791 1076 1849 1115 de

532 1145 1850 1199 pseudoprepomffis,quossustuuntadbonapauperun1

532 1214 818 1267 rapiendum.
864 1213 1113 1256 Seculares
1146 1220 1355 1255 statuunt
1387 1216 1517 1269 quod
1550 1216 1851 1256 destruantur

533 1284 693 1325 iniusti
736 1298 902 1337 pacem
946 1285 1207 1338 reipublice
1252 1286 1585 1338 perturbantes
1631 1290 1679 1326 et
1714 1284 1850 1325 liber-

534 1359 678 1393 tatem
694 1367 746 1394 ac
760 1354 985 1408 regaliam
1000 1354 1128 1407 regis
1150 1354 1222 1395 sui
1240 1354 1501 1407 proditorie
1520 1354 1850 1394 machinantes.
1871 1361 1907 1392 15

537 1423 622 1463 Isti
655 1430 808 1464 autem
841 1423 1195 1464 infundabiliter
1227 1429 1438 1465 statuunt
1481 1423 1851 1464 antichristianas

535 1494 682 1546 leges,
729 1494 857 1547 quod
900 1493 1271 1547 rnuhiphcentur
1315 1507 1488 1548 segnes
1533 1499 1580 1534 et
1618 1493 1708 1533 sstfi
1741 1506 1850 1533 con-

538 1562 716 1603 formes
747 1563 991 1616 prepositi,
1042 1577 1103 1603 eX
1135 1564 1306 1617 quibus
1340 1568 1534 1617 oportet
1563 1576 1729 1616 pacem
1761 1562 1854 1602 Dei

537 1638 585 1672 et
628 1632 893 1673 libertatem
935 1633 1063 1687 regis
1107 1647 1273 1688 regum
1314 1633 1363 1673 in
1400 1632 1622 1673 membris
1661 1632 1757 1673 suis
1791 1632 1852 1672 di-

535 1701 689 1742 minui.
735 1702 972 1743 Vendicat
1015 1702 1137 1743 enim
1171 1703 1268 1743 dux
1308 1703 1544 1743 exercitus
1576 1702 1856 1743 Antichristi
1871 1718 1912 1739 20

538 1772 663 1825 quod
699 1771 876 1812 subditi
897 1786 992 1812 non
1017 1773 1262 1812 attendant
1284 1773 1344 1812 ad
1371 1772 1648 1825 dignitatem
1670 1771 1853 1825 prelati,

539 1855 680 1895 quem
712 1842 816 1895 ipse
844 1842 1056 1893 instituit,
1092 1856 1195 1882 cum
1219 1856 1276 1882 eo
1298 1842 1405 1896 ipso
1431 1847 1652 1883 censetur
1672 1841 1853 1891 habilis,

540 1912 666 1964 quod
713 1917 786 1951 est
830 1917 994 1952 contra
1036 1912 1176 1952 fidem
1222 1912 1458 1967 evangelii
1503 1917 1549 1952 et
1591 1911 1855 1953 libertatem

538 1982 855 2021 membrorum
894 1981 1078 2032 Christi,
1131 1982 1292 2023 Matth.
1323 1981 1429 2032 VII,
1469 1995 1530 2032 15,
1582 1981 1664 2021 ubi
1715 1982 1857 2021 docet

541 2050 772 2092 Christus:
810 2050 1032 2092 Attendite
1063 2065 1092 2092 a
1119 2052 1265 2103 falsis
1291 2052 1536 2104 prophetis,
1569 2052 1645 2103 qm·
1675 2051 1911 2091 veniunt25

540 2122 602 2161 ad
632 2134 709 2161 vos
740 2122 785 2161 in
808 2121 1083 2162 vestimentis
1104 2121 1271 2171 ovium,
1294 2122 1565 2161 intrinsecus
1580 2123 1731 2161 autem
1753 2123 1859 2160 sunt

539 2192 638 2243 lupi
659 2203 861 2243 rapaces.
884 2191 1004 2230 Nam
1021 2190 1320 2232 elemosinam
1336 2191 1533 2231 dandam
1547 2195 1686 2243 'parte
1703 2189 1857 2243 dignis

540 2259 799 2313 prepositis
830 2260 1107 2314 ampliarunt
1130 2262 1248 2301 ultra
1271 2260 1406 2301 civile
1432 2260 1655 2310 debitum,
1687 2260 1859 2299 nedum

541 2330 788 2383 tyrannice
828 2331 914 2370 sed
951 2330 1180 2370 blasfeme
1217 2344 1305 2384 per
1346 2330 1561 2384 palliatas
1590 2328 1594 2385 Ι
1624 2342 1858 2375 censuras,
1898 2331 1979 2376 249b

543 2412 657 2452 quas
685 2399 981 2439 menciuntur
1007 2414 1034 2440 a
1057 2399 1243 2440 Christo
1270 2400 1535 2453 procedere
1560 2398 1858 2452 exigendam3
1877 2405 1916 2438 30

544 2474 590 2508 et
605 2474 755 2509 toturn
774 2470 866 2509 hoc
887 2469 1136 2510 seminavit
1155 2469 1202 2509 in
1219 2469 1420 2510 ecclesia
1441 2468 1637 2509 civilitas
1657 2481 1858 2518 cesarea,

544 2551 636 2591 que
671 2544 744 2578 est
773 2538 821 2579 in
855 2540 979 2579 clero
1011 2540 1067 2579 ad
1103 2539 1310 2579 deterius
1344 2538 1684 2580 transformata.

602 2606 700 2648 Sed
733 2613 897 2648 contra
929 2608 1053 2648 dicta
1084 2608 1313 2662 arguitur:
1346 2607 1550 2648 Videtur
1587 2607 1708 2647 enim
1730 2606 1861 2646 iuxta

542 2677 662 2717 hanc
713 2677 836 2717 tuan]
881 2678 1009 2731 quod
1051 2691 1189 2718 nenn)
1241 2678 1370 2718 daret
1421 2677 1634 2718 reddstus
1684 2674 1862 2715 infidefi

618 2861 660 2889 15.
689 2861 726 2888 B:
753 2869 817 2888 sue.
892 2869 941 2889 22.
963 2862 1001 2889 B:
1030 2863 1210 2894 instilumn;
1239 2862 1278 2889 ib.
1303 2862 1339 2888 B:
1368 2864 1507 2888 censetur
1531 2861 1623 2887 deest.
1700 2858 1746 2893 34.
1776 2860 1804 2886 A
1830 2858 1861 2885 in

546 2916 659 2943 marg:
682 2909 903 2943 Argumentum
922 2917 981 2943 pro
1001 2909 1082 2936 malo
1099 2909 1232 2944 prelato.
