2078 3338
220 251 308 279 CAP.
336 241 405 298 vr]
616 255 672 285 DE
702 255 981 287 POTESTATE
1013 255 1138 288 PAPE.

215 372 340 412 pape
371 359 549 398 habent
580 364 755 399 tantam
787 365 1073 412 potestatem
1115 367 1335 413 quantam
1374 361 1536 402 habuit

214 429 382 468 beatus
415 428 586 468 Petrus
619 430 696 468 vel
730 429 844 469 alius
879 428 1051 469 Christi
1084 431 1341 483 apostolus.
1380 431 1536 471 Prima

214 511 323 551 pars
366 502 499 550 patet
544 511 605 538 ex
649 498 1022 552 primogenitura
1070 498 1254 553 Christi,
1308 515 1400 554 que
1445 515 1536 541 non

214 572 378 620 potest
411 567 743 608 communicari
775 567 912 608 alicui
940 569 1040 609 eius
1072 569 1263 620 vicario,
1289 583 1393 610 cum
1425 577 1536 610 tunc

183 636 336 677 §foret
368 637 503 677 Deus
538 643 585 677 et
615 637 774 688 homo;
815 652 919 677 cum
950 638 1095 691 igitur
1129 638 1341 680 Christus
1373 640 1537 680 habuit

212 706 335 746 illam
366 712 657 759 potestatem
702 707 1077 761 primogeniture
1115 709 1394 762 humanitus,
1459 723 1533 750 se-

214 775 370 828 quitur
402 777 713 829 probandum.

270 845 403 894 Item,
468 845 682 887 Christus
742 847 903 887 habuit
969 854 1259 900 potestatem
1326 849 1536 902 ponendi

214 913 407 954 animam
452 928 580 955 suam
626 922 674 956 et
705 916 873 956 iterum
907 917 1122 957 sumendi
1155 931 1268 964 eam,
1314 924 1366 959 ut
1402 924 1534 972 patet

160 1002 197 1023 10
212 984 374 1035 Johan.
390 984 451 1036 X,
485 990 532 1026 et
563 985 630 1025 sic
668 999 762 1026 non
794 986 951 1039 potuit
984 987 1149 1039 aliquis
1183 987 1284 1027 eius
1316 987 1531 1039 vicarius,

211 1059 264 1094 ut
292 1055 499 1094 declarat
519 1056 819 1108 Augustinus
845 1055 1027 1096 Omelia
1048 1056 1249 1109 XLVII,
1284 1071 1401 1111 ergo
1427 1071 1534 1098 con-

214 1123 375 1164 clusio,
410 1122 461 1165 Si
484 1123 607 1164 enim
629 1125 801 1166 Petrus
823 1126 1024 1166 haberet
1044 1132 1334 1179 potestatem
1365 1127 1535 1168 iterum

212 1193 428 1233 sumendi
468 1193 666 1234 animam
711 1208 840 1235 suam
872 1195 1002 1248 prius
1034 1195 1254 1248 positam,
1287 1203 1536 1250 oporteret

210 1262 405 1303 Petrum
438 1276 545 1303 esse
578 1270 787 1304 naturam
809 1265 1002 1305 terciam
1035 1278 1060 1305 a
1083 1279 1286 1319 corpore
1312 1272 1360 1307 et
1383 1267 1532 1307 anima

156 1339 193 1371 15
211 1334 285 1374 cui
298 1332 480 1375 inesset
494 1340 710 1388 potestas
731 1335 1004 1375 resumendi
1023 1335 1219 1376 animam
1235 1336 1301 1377 sic
1316 1336 1533 1390 positam,

210 1405 339 1457 quod
383 1404 472 1444 soli
509 1405 616 1445 Deo
661 1410 825 1458 potest
864 1411 1152 1458 competere,
1191 1406 1299 1459 quia
1342 1412 1535 1460 oportet

211 1474 322 1514 dare
375 1474 641 1514 subiectum
686 1473 760 1514 cui
812 1480 1109 1527 competeret
1161 1475 1229 1516 sic
1281 1489 1534 1527 assumere,

211 1557 383 1596 corpus
416 1557 532 1584 vero
567 1544 795 1589 exanime,
829 1558 922 1585 non
946 1545 1090 1585 habet
1110 1545 1378 1586 huiusmodi
1399 1552 1533 1599 pote-

210 1619 381 1654 statem
414 1627 503 1653 nec
537 1613 686 1654 anima
715 1619 880 1667 potest
912 1627 963 1654 se
993 1614 1144 1668 ipsam
1178 1628 1427 1656 assumere.

153 1698 194 1719 20
266 1682 401 1737 Item,
443 1682 653 1724 Christus
703 1685 849 1724 habet
898 1698 986 1737 per
1038 1697 1089 1724 se
1140 1690 1431 1738 potestatem
1475 1687 1534 1726 ad

207 1752 532 1793 redimendum
554 1766 706 1806 genus
728 1754 977 1793 humanum
1008 1760 1055 1794 et
1077 1756 1136 1794 ad
1157 1755 1534 1808 principiandum

208 1822 414 1875 graciam
458 1822 652 1863 cuilibet
697 1822 831 1863 alteri
875 1824 933 1863 de
979 1837 1064 1863 suo
1103 1837 1295 1877 genere,
1342 1826 1427 1865 sed
1466 1825 1533 1865 sic

210 1905 305 1932 non
347 1893 491 1933 habet
536 1892 701 1945 aliquis
735 1892 835 1932 eius
869 1893 1086 1945 vicarius,
1127 1907 1242 1946 ergo
1278 1895 1533 1936 conclusio.

208 1963 516 2002 Antecedens
548 1968 683 2016 patet
715 1976 802 2015 per
823 1962 937 2003 illud
958 1963 1121 2014 Johan.
1146 1964 1181 2016 I,
1213 1978 1280 2015 14:
1323 1964 1533 2005 Vidimus

95 2035 170 2068 186⁰
203 2032 410 2084 gloriam
463 2033 560 2072 eins
609 2033 742 2084 quasi
792 2033 1015 2085 anigeniti
1064 2047 1094 2073 a
1137 2037 1274 2086 patre
1308 2034 1313 2088 Ι
1340 2036 1532 2087 plenum

202 2103 363 2153 gracie
395 2105 434 2143 et
465 2103 692 2151 veritatis;
724 2104 778 2142 de
808 2103 939 2143 cuius
952 2105 1238 2155 plemtzszdine
1266 2117 1348 2144 nos
1378 2117 1534 2144 omnes

208 2172 472 2224 accipimus,
502 2173 717 2224 graciam
744 2184 834 2224 pafo
862 2170 1045 2213 Gracia.
1085 2172 1164 2214 Sic
1201 2172 1345 2227 igitur
1376 2175 1532 2214 nullus

210 2241 323 2280 alius
354 2246 520 2294 potest
550 2241 717 2281 mutari
746 2241 795 2281 in
825 2241 982 2281 Deum
1015 2248 1063 2282 et
1093 2242 1344 2296 hominem,
1384 2249 1436 2284 ut
1469 2243 1530 2283 sit

208 2324 295 2363 per
327 2324 377 2351 se
409 2311 515 2351 fons
538 2311 709 2364 gracie,
743 2324 767 2351 a
789 2325 883 2364 quo
908 2318 1102 2365 oportet
1123 2326 1306 2353 omnem
1328 2313 1533 2366 graciam

152 2385 194 2418 30
210 2381 361 2421 datam
396 2381 597 2421 ecclesie
630 2381 844 2433 derivari,
878 2382 986 2435 quia
1018 2382 1085 2422 sic
1118 2396 1205 2423 nec
1228 2389 1393 2436 potest
1415 2383 1530 2423 alius

208 2450 348 2490 homo
393 2452 472 2490 vel
516 2452 711 2504 angelus
743 2452 887 2491 Jhesu
919 2458 1085 2492 nostro
1118 2452 1165 2492 in
1208 2452 1445 2505 potencia,
1484 2452 1530 2492 in

207 2519 504 2572 plenitudine
555 2520 712 2573 gracie
764 2522 843 2561 vel
893 2521 1244 2574 preeminencia
1295 2522 1529 2575 coequari.

279 2710 301 2729 1.
323 2704 345 2730 B
366 2703 396 2730 in
416 2711 530 2739 marg:
559 2704 745 2732 Potestalem
766 2704 906 2732 Christus
932 2705 1038 2732 habuit
1062 2705 1237 2733 humanitus
1262 2708 1410 2740 quantam
1429 2705 1530 2732 nullus

207 2749 317 2776 habuit
332 2750 501 2784 apostolus.
578 2758 620 2784 14.
642 2751 790 2783 terciam;
817 2751 860 2777 sic
880 2752 910 2778 in
938 2751 1046 2778 codd:
1073 2754 1260 2786 separatam.
1338 2758 1387 2786 27.
1410 2751 1527 2778 Codd.:

207 2802 383 2829 acczpzmus.

284 2889 333 2910 11.
361 2879 453 2920 Opp.
477 2885 563 2911 tom.
594 2879 647 2922 lII,
673 2879 752 2913 610.

1751 265 1825 303 103

1569 384 1692 411 powers
1712 377 1746 404 of
1763 386 1800 404 an

1621 412 1750 446 apostle·

1581 862 1686 891 Christ
1707 865 1796 891 could

1573 899 1621 934 lay
1642 899 1734 926 down
1757 900 1803 926 his

1559 933 1609 960 life
1631 934 1691 961 and
1711 935 1779 961 take
1799 934 1820 961 it

1585 977 1685 1003 agam,
1707 969 1809 996 which

1608 1004 1681 1039 only
1704 1003 1773 1031 God

1620 1046 1675 1065 can
1697 1039 1748 1065 do.

1592 1689 1697 1718 Christ
1717 1690 1776 1718 had

1632 1735 1737 1761 power

1567 1765 1597 1787 to
1619 1762 1739 1789 redeem
1761 1762 1811 1788 the

1579 1796 1694 1823 human
1716 1805 1794 1824 race.
