2078 3338
248 251 328 299 384

247 650 365 677 orders
386 653 418 677 ot
441 657 521 684 pope

300 693 335 712 01·
355 685 470 719 prelato

275 725 387 747 cannot
407 719 495 746 affect

301 755 419 781 reward
441 761 476 780 or

276 790 489 824 punishment,

252 826 352 851 which
375 824 514 859 depends

299 868 338 886 on
361 859 459 886 God's

313 896 469 929 ndgment.

281 2245 499 2281 Dispensation

256 2289 289 2307 as
309 2285 339 2307 to
356 2279 528 2315 prohibited

976 252 1202 284 JOHANNJS
1229 250 1413 282 WYCLlF
1656 236 1752 294 [cAv
1789 247 1855 275 x11.

544 360 650 413 quia
671 359 880 412 prelatus
912 361 1077 410 potest
1108 354 1358 409 precipere
1392 353 1666 406 simpliciter
1688 353 1856 406 impos-

540 429 675 469 sibile
710 434 758 468 et
790 426 978 467 omnino
1006 425 1292 474 irracionale,
1330 423 1474 476 igitur
1505 437 1592 476 per
1623 423 1747 463 idem
1779 425 1857 462 vel

538 512 565 538 a
595 497 758 538 maiori
789 501 952 550 potest
982 495 1109 536 istud
1141 493 1405 547 precipere,
1443 492 1551 532 ideo
1584 505 1680 532 non
1710 498 1858 533 restat

536 566 787 621 responsio
827 565 918 605 nisi
951 564 1127 605 veritas
1156 562 1160 618 Ι
1189 563 1316 616 quod
1354 567 1555 615 propter
1587 575 1720 601 suum
1751 575 1857 614 pre·
1896 565 1977 598 2560

539 637 698 690 cipere
735 648 824 675 nec
863 634 1012 686 magis
1050 646 1138 673 nec
1169 632 1320 672 minus
1357 630 1552 671 incurrit
1591 633 1742 670 clerus
1780 631 1890 670 ve15

537 707 702 760 laycus
746 718 915 758 penam
959 705 1036 743 vel
1080 702 1325 755 premium,
1372 701 1480 754 quia
1519 705 1713 754 oportet
1754 713 1854 753 pre-

540 781 726 829 ceptum
751 774 825 814 cui
854 772 1103 813 obedietur
1134 784 1240 812 esse
1261 770 1391 824 prius
1419 769 1704 810 racionabile
1731 770 1857 823 apud

538 847 713 895 Deum;
749 850 797 884 et
827 850 939 885 tunc
971 843 1118 893 fieret,
1149 841 1262 882 licet
1295 854 1434 880 nemo
1467 841 1554 881 sub
1578 839 1857 880 obediencia

536 915 736 954 humana
772 914 887 954 illud
924 911 1208 966 preciperet,
1248 923 1351 950 cum
1390 909 1523 950 aliter
1558 908 1684 949 foret
1715 910 1855 948 homo

535 983 817 1025 inobediens
854 981 1043 1023 racioni.
1094 981 1155 1021 Et
1191 985 1326 1033 patet
1365 979 1491 1033 quod
1530 978 1651 1020 sicut
1686 978 1734 1019 in
1765 978 1856 1018 isto
1879 993 1917 1014 10

539 1066 650 1093 casu
688 1066 783 1092 non
820 1056 968 1093 restat
1006 1055 1263 1104 expectare
1306 1050 1495 1102 plenam
1532 1047 1858 1089 remissionem

537 1124 615 1164 vel
653 1123 908 1171 anathema,
953 1120 1020 1160 sic
1058 1118 1346 1172 generaliter
1381 1118 1429 1158 in
1471 1117 1629 1171 papali
1671 1117 1858 1168 iudicio,

535 1192 627 1232 nisi
650 1192 708 1232 de
732 1196 904 1245 quanto
927 1190 1031 1243 quis
1054 1188 1279 1229 meruerit
1308 1188 1433 1241 apud
1457 1187 1632 1238 Deum;
1668 1192 1859 1240 oportet

540 1262 662 1302 enim
685 1261 815 1315 quod
838 1260 1054 1300 obiectus
1078 1257 1366 1312 sophisticus
1397 1256 1457 1297 sit
1486 1257 1682 1297 solutus.

598 1331 846 1384 Quotlibet
885 1335 999 1370 sunt¹
1031 1329 1150 1369 tales
1184 1341 1319 1368 casus
1357 1327 1502 1380 longe
1541 1325 1915 1366 coloraciores15

541 1415 678 1455 quam
720 1400 1046 1454 obligaciones
1106 1397 1383 1439 obediencie
1430 1396 1695 1437 humanitus
1733 1395 1859 1436 adin-

540 1476 695 1524 vente,
711 1476 762 1510 ut
775 1470 935 1523 posito
955 1468 1261 1523 quodPetrus
1276 1467 1406 1520 prior
1419 1467 1591 1506 habeat
1615 1467 1728 1506 duas
1744 1467 1858 1506 duo-

541 1542 685 1581 denas
719 1540 1008 1590 claustrales,
1036 1551 1199 1579 omnes
1216 1536 1306 1577 sibi
1334 1536 1627 1588 obedientes,
1651 1541 1698 1576 et
1711 1535 1859 1588 preci-

539 1611 638 1664 piat
660 1609 888 1651 stabiliori
903 1609 1135 1661 duodene,
1169 1608 1297 1660 quod
1319 1619 1414 1646 non
1439 1606 1734 1659 colloquatur
1756 1618 1860 1645 cum

539 1680 733 1733 reliqua,
764 1678 854 1719 nisi
885 1678 1011 1718 forte
1041 1677 1348 1718 inobediente
1377 1675 1523 1716 Petro
1557 1676 1615 1715 ad
1638 1675 1860 1715 obedien·
1876 1685 1919 1708 20

542 1749 658 1790 ciam
688 1749 1030 1795 reducendum;
1065 1751 1112 1787 et
1144 1746 1272 1800 quod
1297 1745 1504 1786 secunda
1527 1745 1745 1785 duodena
1765 1757 1861 1784 non

543 1820 838 1871 colloquatur
872 1831 976 1858 cum
1006 1816 1198 1869 reliqua,
1229 1815 1320 1855 nisi
1349 1814 1603 1854 obediente
1626 1814 1772 1854 Petro
1803 1814 1860 1853 ad

542 1887 865 1930 obedienciam
890 1885 1267 1937 confirmandum,
1293 1889 1341 1925 et
1362 1883 1556 1937 incipiat
1572 1883 1746 1923 Paulus
1767 1882 1859 1936 pri-

544 1958 638 1999 oris
671 1958 891 1997 duodene
922 1955 1053 2009 loqui
1092 1969 1196 1995 cum
1226 1954 1343 1994 Lino
1383 1954 1592 1994 secunde
1628 1953 1860 2004 duodene,

543 2033 743 2081 utroque
765 2031 1009 2080 prestante
1039 2026 1087 2066 in
1120 2026 1208 2065 hoc
1232 2023 1559 2064 obedienciam
1585 2024 1859 2069 observare,
1877 2024 1916 2056 25

545 2098 611 2138 sic
645 2098 774 2150 quod
807 2096 1027 2137 continue
1061 2100 1169 2135 ante
1199 2093 1314 2134 illud
1348 2092 1634 2146 colloquium
1660 2097 1860 2145 uterque

542 2167 631 2207 fuit
660 2167 749 2207 rite
781 2167 926 2206 Petro
961 2165 1203 2207 obediens.

603 2235 814 2277 Ulterius
837 2241 1060 2289 quantum
1094 2235 1150 2274 ad
1182 2232 1588 2287 dispensacionem
1621 2230 1860 2271 affinitatis

257 2316 382 2350 degrees
403 2307 624 2346 125010<s.ve1
668 2304 1120 2358 consanguineitatis
1163 2308 1299 2357 patet
1349 2302 1477 2355 quod
1519 2300 1775 2341 fabricatur
1811 2304 1863 2339 ut

545 2375 793 2429 plurimum
826 2374 1142 2428 zophistarum
1173 2373 1341 2424 illusio,
1380 2385 1485 2411 nam
1517 2371 1556 2411 si
1589 2374 1862 2410 contractus
1879 2371 1920 2403 '30

547 2445 606 2485 sit
636 2444 882 2486 racionalis
923 2450 970 2484 et
1003 2448 1350 2484 consentaneus
1388 2441 1486 2494 legi
1516 2439 1620 2491 Dei,
1657 2452 1752 2479 non
1784 2440 1861 2480 ob-

619 2635 661 2663 17.
684 2628 784 2655 codd.
805 2627 835 2654 in
858 2634 972 2661 marg-z
995 2626 1076 2654 Nola
1097 2634 1213 2654 casum.
1286 2625 1335 2653 28.
1358 2625 1459 2653 Codd.
1479 2625 1509 2652 in
1527 2631 1641 2659 marg:
1665 2623 1863 2659 Dispensacz'o

560 2683 577 2701 η
599 2673 756 2710 affinitate
775 2677 805 2709 et
823 2673 1126 2709 consanguineitate.

624 2768 672 2799 17.
707 2757 805 2796 Quae
842 2767 945 2798 supra
979 2756 1193 2797 explicantur
1223 2756 1343 2787 videas
1375 2756 1409 2786 in
1442 2755 1560 2796 Opere
1591 2753 1666 2786 Joh.
1707 2754 1781 2784 Hus
1815 2754 1864 2784 De

549 2815 641 2848 Eccl.
672 2816 693 2847 l.
727 2825 755 2848 c,
788 2825 820 2856 p.
849 2812 931 2854 24ss¹’
965 2814 1163 2855 incipiendo
1190 2824 1224 2848 a:
1258 2813 1351 2855 quod
1385 2812 1509 2845 Petrus
1537 2812 1643 2853 prior
1675 2821 1787 2853 usque
1821 2812 1863 2841 ad

547 2884 673 2905 vocem
697 2873 871 2907 obediens,
