2078 3338
228 276 304 313 116

263 745 324 773 We
344 745 384 772 do
403 748 457 771 not

265 782 357 808 know
376 778 460 806 what

228 823 318 851 grace
338 822 374 841 ΟΓ
395 821 501 849 ρΟἊῙθΙ·

235 850 306 878 God
327 850 383 876 has
402 848 491 881 given

252 889 283 912 to
303 892 364 919 any
383 891 466 918 man,

262 919 322 947 and
343 926 391 945 we
410 922 459 953 try

257 959 290 982 to
312 953 402 981 make
422 961 465 988 up

300 988 350 1016 for
369 996 427 1015 our

277 1024 449 1059 ignorance

252 1060 293 1095 by
312 1057 479 1093 ordaining

235 1094 363 1130 degrees
382 1092 414 1120 in
433 1093 484 1124 the

306 1128 420 1164 clei-gy.

259 2567 287 2587 2.
307 2557 453 2586 Holiness
473 2557 499 2584 is

253 2602 270 2621 a
290 2594 358 2628 sign
379 2593 433 2620 but
451 2596 505 2619 not

266 2636 282 2655 a
302 2635 444 2655 measure
463 2627 498 2654 of

294 2662 460 2699 authority.

952 276 1179 309 JOHANNIS
1205 273 1391 306 WYCLIF
1652 258 1763 316 [CAP.
1776 267 1828 295 v1.

513 391 623 427 sunt
644 383 771 438 paris
794 380 1100 432 auctoritatis,
1133 393 1237 420 cum
1256 378 1362 432 ipsa
1381 390 1478 418 non
1499 380 1663 431 potest
1683 374 1832 416 maius

512 460 592 496 aut
621 454 773 495 minus
806 451 1063 505 suscipere.
1093 450 1174 490 Ad
1206 461 1346 502 quem
1378 459 1570 488 sensum
1601 444 1835 499 scriptura

512 538 645 566 sacra
677 529 749 564 est
779 521 906 576 paris
939 519 1233 561 auctoritatis
1263 516 1529 570 utrobique.
1563 514 1661 557 Sed
1682 515 1833 556 tercio

512 594 652 635 michi
681 590 1038 633 infundabiliter
1067 590 1326 642 loquuntur
1347 585 1534 640 quidam
1556 585 1615 625 de
1639 583 1834 625 auctori-

513 670 622 715 tate,
644 667 697 704 ut
711 661 826 702 dicit
845 659 1156 701 maioritatem
1175 656 1435 698 sanctitatis
1449 655 1527 696 Vel
1542 654 1835 695 carismatum
1853 662 1868 694 5

515 731 838 779 multitudinis,
885 736 934 771 et
965 729 1073 784 quia
1102 728 1219 769 illud
1251 732 1326 767 est
1360 725 1500 767 nobis
1531 721 1837 778 incognitum,

513 803 804 846 transferunt
818 799 1145 841 auctoritatem
1160 795 1403 851 gentiliter
1416 796 1474 835 ad
1489 794 1839 835 ordinacionem

514 875 775 924 humanam,
821 876 873 911 ut
905 867 1138 923 quotlibet
1181 866 1356 920 gradus
1399 870 1584 918 ponunt
1619 864 1667 904 in
1703 877 1839 917 papa,

517 941 895 995 archiepiscopo,
927 942 1117 978 rectore
1141 941 1189 977 et
1211 934 1413 989 simplici
1440 933 1703 985 sacerdote,
1736 946 1840 973 cum

518 1011 756 1066 quotlibet
803 1006 1196 1058 intercisionibus,
1255 1018 1348 1059 que
1401 1003 1509 1057 quia
1559 1002 1839 1043 auctoritate
1859 1019 1898 1041 ιο

516 1081 674 1123 divina
715 1081 842 1120 bene
884 1082 1090 1132 possunt
1131 1074 1234 1115 fieri
1277 1074 1536 1115 secundum
1581 1072 1839 1113 divisiones

516 1150 760 1205 graduum,
805 1145 1114 1188 discrecionis
1160 1150 1208 1185 et
1252 1143 1509 1197 potestatis
1554 1155 1691 1195 quam
1734 1142 1840 1195 ipse

518 1219 772 1269 distribuit,
803 1218 914 1259 ideo
948 1214 1364 1269 sollempnizantur
1402 1212 1730 1253 instituciones
1761 1212 1839 1252 hu-

516 1303 667 1340 mane,
711 1287 924 1342 quamvis
970 1283 1260 1326 ordinacioni
1303 1282 1461 1324 divine
1501 1282 1749 1335 contrarie,
1795 1287 1843 1323 et

520 1362 838 1401 observantur
869 1356 1067 1410 amplius
1101 1368 1238 1408 quam
1268 1354 1350 1394 lex
1370 1352 1477 1394 Dei.
1511 1350 1609 1393 Sed
1628 1352 1845 1405 loquatur
1863 1355 1900 1388 15

519 1430 586 1472 sic
619 1431 676 1470 de
709 1427 1001 1476 auctoritate,
1035 1425 1114 1479 qui
1145 1425 1193 1465 in
1224 1423 1459 1477 scriptura
1490 1435 1621 1463 sacra
1652 1421 1846 1463 sciverit

518 1502 610 1541 hoc
642 1499 852 1540 fundare.
883 1496 1040 1550 Leges
1073 1500 1230 1536 autem
1259 1494 1456 1547 papales
1491 1494 1550 1533 de
1581 1491 1844 1533 maioritate

522 1576 570 1611 et
613 1567 895 1610 obediencia
939 1570 1145 1620 possunt
1186 1563 1399 1617 intelligi,
1439 1564 1444 1615 Ι
1485 1563 1673 1616 quando
1717 1561 1844 1602 insti·
1888 1563 1966 1609 189d

520 1639 647 1681 tucio
691 1639 891 1679 humana
936 1636 995 1676 de
1038 1633 1358 1689 preposituris
1408 1633 1648 1674 hominum
1692 1644 1845 1672 corre-

522 1708 731 1763 spondet
786 1706 946 1751 divino
990 1704 1178 1758 iudicio,
1230 1703 1298 1744 sic
1341 1703 1531 1744 videtur
1574 1702 1704 1755 quod
1740 1715 1845 1755 pro·
1863 1715 1905 1737 20

521 1777 859 1834 porcionaliter
910 1780 963 1816 ut
1015 1774 1119 1828 quis
1170 1773 1363 1827 ponitur
1411 1773 1460 1814 in
1511 1771 1674 1813 maiori
1733 1785 1845 1825 pre-

525 1847 785 1890 eminencia
833 1845 992 1900 quoad
1033 1844 1263 1894 homines,
1309 1843 1376 1884 sic
1418 1847 1623 1896 ponatur
1658 1841 1848 1882 realiter

521 1919 568 1959 in
599 1917 763 1959 maiori
793 1914 1144 1970 preeminencia
1173 1913 1398 1954 virtutum
1432 1918 1480 1953 et
1510 1911 1668 1967 gracie
1691 1912 1848 1965 quoad

522 1991 701 2039 Deum,
748 1987 875 2041 quod
908 1985 1017 2040 quia
1058 1998 1296 2038 nunquam
1334 1984 1413 2024 vel
1457 1996 1561 2023 raro
1605 1981 1847 2034 contingit,

525 2072 614 2100 nec
645 2061 868 2111 superest
897 2059 967 2107 (ut
995 2055 1155 2108 credo)
1173 2054 1231 2094 ad
1251 2053 1367 2093 illud
1387 2052 1678 2093 fundandum
1700 2052 1847 2105 scrip·
1863 2055 1903 2087 25

523 2135 628 2170 ture
662 2126 927 2178 auctoritas,
968 2125 1077 2165 ideo
1111 2130 1246 2165 taceo
1281 2124 1437 2177 quoad
1468 2124 1602 2176 leges
1635 2128 1683 2163 et
1711 2122 1847 2175 facta,

528 2198 693 2239 dicens
747 2197 878 2250 quod
928 2196 1044 2236 illud
1094 2196 1220 2234 bene
1271 2198 1438 2247 potest
1486 2192 1588 2233 fieri
1646 2193 1706 2232 de
1756 2192 1850 2232 Dei

527 2267 755 2323 potencia
786 2267 1017 2317 absoluta,
1051 2264 1206 2305 sciens
1239 2263 1368 2317 quod
1399 2262 1467 2303 sic
1498 2276 1593 2303 non
1613 2262 1703 2303 fuit
1728 2262 1851 2303 inter

531 2337 705 2380 Christi
736 2336 1012 2378 sacerdotes
1044 2335 1091 2374 in
1124 2332 1326 2374 ecclesia
1356 2332 1604 2386 primitiva.
1635 2332 1698 2372 Et
1717 2337 1852 2385 patet

527 2409 575 2450 in
606 2413 743 2462 parte
776 2406 1016 2461 quomodo
1056 2404 1307 2445 dicendum
1346 2408 1419 2443 est
1450 2403 1506 2443 ad
1538 2402 1738 2456 primum
1772 2403 1909 2443 0b-3o

528 2479 714 2519 iectum.

588 2548 668 2589 Ad
719 2547 978 2588 secundum
1029 2550 1163 2598 patet
1208 2558 1269 2585 ex
1307 2543 1455 2597 dictis,
1499 2543 1737 2596 quomodo
1791 2556 1853 2582 ex

534 2618 783 2677 sanctitate
828 2622 881 2657 ut
913 2615 1051 2669 signo
1103 2619 1286 2655 remoto
1338 2614 1481 2653 debet
1526 2612 1631 2666 capi
1674 2612 1853 2666 duplex

530 2687 806 2736 auctoritas,
854 2691 902 2727 et
944 2699 1040 2726 non
1083 2689 1134 2725 ut
1167 2684 1226 2724 de
1272 2688 1443 2737 equata
1472 2695 1703 2735 mensura,
1748 2681 1855 2735 quia

532 2764 646 2798 tunc
677 2756 1014 2798 diminueretur
1044 2755 1123 2796 vel
1155 2753 1518 2807 extingueretur
1548 2758 1601 2793 ut
1632 2751 1854 2793 sanctitas
1870 2752 1910 2787 35

604 2870 632 2899 3.
648 2871 764 2904 tercio;
777 2870 871 2897 adde:
886 2869 1017 2897 videtur.
1086 2876 1128 2904 19,
1144 2876 1193 2896 20.
1210 2866 1327 2895 Codd.:
1350 2866 1602 2901 correspondent.
1671 2874 1720 2893 20.
1735 2865 1853 2893 Codd.:

534 2918 578 2944 sic
597 2917 689 2945 videt.
763 2915 813 2944 30.
833 2917 863 2944 A
882 2916 914 2943 in
934 2923 1050 2949 marg.:
1073 2923 1095 2941 1.
1171 2912 1216 2942 31.
1238 2914 1267 2941 A
1287 2913 1317 2940 in
1339 2920 1455 2948 marg.:
1477 2918 1506 2939 2.
