2078 3338
286 266 361 303 106
1002 275 1226 307 JOHANNIS
1253 275 1439 308 wvctff
1700 264 1805 321 [CAP.
1837 276 1886 304 v1.

569 378 670 431 pari
693 378 817 418 circa
839 378 979 418 fidem
1003 379 1235 432 scripture
1258 385 1310 420 ut
1332 380 1439 419 olim
1464 393 1614 433 usque
1647 381 1703 420 ad
1725 384 1886 422 tubam

566 447 880 501 novissimam,
926 454 1174 502 antequam
1217 449 1331 489 rima
1364 450 1421 489 ad
1453 449 1737 492 fundandum
1770 450 1885 492 illud

566 518 613 558 in
645 518 878 571 scriptura
923 532 1054 559 sacra
1095 519 1145 559 in
1177 532 1268 572 qua
1313 525 1385 559 est
1429 519 1579 560 omnis
1618 520 1792 560 veritas
1826 520 1886 562 sit

566 593 775 640 reperta;
819 594 866 628 et
896 593 1064 640 tamen,
1097 588 1136 628 si
1166 588 1293 629 foret
1325 589 1451 640 utile,
1485 595 1619 630 autor
1650 590 1885 643 scripture

566 669 661 696 non
694 657 959 698 omississet
989 658 1103 697 illud
1140 658 1350 698 inserere
1381 671 1470 698 nec
1504 664 1706 712 quatuor
1738 660 1919 700 sancti5

567 727 790 766 doctores
804 726 917 766 illud
933 727 1162 780 detegere
1177 727 1523 781 neglexissent3
1547 728 1671 768 unde
1695 735 1887 782 oportet

568 795 818 836 ecclesiam
851 809 1020 837 cavere
1052 798 1112 836 ab
1144 797 1412 837 huiusmodi
1443 797 1668 839 novitate.
1702 798 1764 839 Et
1794 798 1885 838 col-

566 865 649 918 ligi
690 871 855 918 potest
898 866 1079 907 solucio
1125 868 1182 907 ad
1227 872 1323 907 tres
1374 866 1614 919 predictas
1660 867 1885 921 argucias,

567 936 806 987 quomodo
850 937 927 975 vel
972 942 1176 989 peccant
1217 936 1262 976 in
1308 936 1500 977 materia
1532 937 1608 977 vel
1651 936 1697 977 in
1730 937 1884 978 forma.

565 1004 626 1045 Et
656 1010 789 1058 patet
819 1005 968 1058 prima
998 1019 1109 1059 pars
1141 1006 1357 1059 predicte
1391 1006 1645 1048 sentencie.
1902 1021 1943 1044 10

275 1083 452 1118 Thepopes
474 1083 550 1109 have
623 1074 684 1114 Et
729 1076 938 1115 secunda
980 1088 1090 1128 pars
1133 1081 1265 1128 patet
1311 1089 1369 1115 ex
1409 1081 1651 1128 potestate
1683 1075 1884 1116 faciendi

293 1117 538 1187 pggvtessnotfhsshe
565 1143 786 1184 miracula
819 1150 865 1185 et
898 1158 959 1185 ex
991 1151 1232 1199 potestate
1267 1145 1583 1186 auctorizandi
1606 1145 1883 1199 scripturam

335 1187 480 1223 ‘mmmm'
566 1227 743 1254 sacram
779 1220 826 1255 et
859 1228 920 1254 ex
950 1220 1193 1268 potestate
1227 1215 1475 1255 edificandi
1510 1215 1768 1256 ecclesiam.

302 1282 369 1309 ΟΜ
389 1283 520 1317 prelatCS
625 1283 863 1337 Quantum
887 1285 944 1324 ad
965 1284 1198 1335 miracula,
1223 1290 1357 1339 patet
1379 1285 1508 1338 quod
1524 1293 1711 1325 cessant
1741 1285 1882 1325 hodie

302 1321 415 1344 cannot
434 1318 521 1344 work

272 1351 425 1385 miracles,
446 1351 548 1379 which
562 1353 610 1394 in
641 1353 816 1395 nostris
849 1354 1103 1408 episcopis,
1137 1368 1240 1395 cum
1273 1355 1384 1396 satis
1418 1361 1491 1395 est
1522 1360 1635 1408 post
1665 1355 1805 1394 fidem
1836 1354 1884 1394 in
1903 1359 1938 1392 15

280 1393 331 1413 are
352 1387 539 1449 nggngeeded
564 1423 813 1477 evangelio
860 1424 1147 1478 divulgatam
1190 1425 1340 1478 ipsam
1388 1424 1665 1478 impressam
1710 1423 1882 1464 sanctis

563 1494 981 1535 exhortacionibus
1006 1494 1295 1535 confirmare.
1331 1494 1445 1535 Cum
1467 1494 1610 1548 igitur
1631 1494 1765 1534 Deus
1787 1507 1883 1533 non

562 1564 641 1604 dat
673 1563 923 1617 quicquam
957 1563 1208 1618 superflue,
1244 1564 1458 1618 sequitur
1481 1565 1609 1618 quod
1631 1564 1764 1604 Deus
1787 1576 1882 1603 non

562 1634 640 1674 dat
669 1639 673 1684 ff
702 1634 877 1674 nostris
914 1634 1186 1687 prepositis,
1226 1640 1276 1674 ut
1316 1634 1425 1674 olim
1459 1634 1589 1675 dedit
1621 1633 1880 1686 discipulis,
1925 1636 2002 1680 187b

560 1708 849 1756 potestatem
880 1702 1084 1743 faciendi
1116 1703 1346 1756 miracula,
1381 1709 1426 1743 et
1459 1716 1547 1756 per
1580 1716 1879 1756 consequens
1896 1718 1939 1739 20

560 1786 684 1812 nunc
727 1786 822 1813 non
866 1774 1059 1825 habent;
1103 1774 1192 1813 hec
1238 1779 1394 1813 autem
1432 1772 1521 1813 fuit
1550 1772 1690 1826 racio,
1736 1786 1879 1826 quare

561 1843 829 1896 Apostolus
862 1857 957 1884 non
979 1843 1257 1884 miraculose
1288 1844 1375 1883 sed
1396 1857 1483 1896 per
1506 1843 1626 1883 viam
1658 1844 1880 1884 naturalis

561 1912 795 1953 medicine
849 1912 1031 1953 sanavit
1080 1913 1390 1965 Thimoteum,
1440 1914 1617 1953 bonum
1669 1913 1880 1967 regimen

559 1982 861 2035 iniungendo.
921 1983 1063 2033 Utere,
1105 1983 1271 2036 inquit,
1315 1984 1492 2024 modico
1543 1984 1645 2023 vino
1690 1987 1882 2036 propter

558 2053 841 2093 stomachum
884 2056 1013 2094 tuum
1057 2056 1097 2094 et
1129 2052 1392 2105 frequentes
1442 2057 1546 2093 tuas
1588 2053 1936 2105 infirmitates25

559 2121 708 2174 prima
722 2122 870 2163 Thim.
886 2123 945 2163 V.
970 2121 1067 2164 Sed
1084 2122 1466 2163 communicando
1493 2136 1596 2163 cum
1610 2122 1879 2162 infidelibus

560 2192 895 2233 convertendis
939 2205 1026 2245 per
1067 2192 1286 2233 miracula
1331 2192 1544 2233 exercuit
1589 2192 1711 2233 illam
1742 2197 1878 2245 pote-

561 2266 742 2314 statem,
776 2267 826 2302 ut
858 2267 991 2315 patet
1022 2264 1229 2303 Actuum
1261 2261 1422 2303 ultimo
1458 2262 1668 2315 copiose.

616 2330 747 2381 Item,
792 2331 831 2371 si
873 2332 1023 2373 nostri
1069 2331 1287 2385 episcopi
1330 2331 1509 2372 habent
1539 2336 1713 2372 tantam
1745 2337 1877 2384 pote-

559 2406 727 2440 statem
759 2400 961 2441 faciendi
993 2401 1212 2441 miracula
1245 2401 1390 2441 eciam
1423 2400 1658 2454 primitiva
1681 2406 1732 2441 ut
1754 2400 1874 2447 olim,
1894 2406 1935 2439 30

559 2483 662 2509 cum
695 2483 812 2524 sepe
845 2470 968 2510 foret
1000 2470 1317 2511 necessarium
1349 2470 1416 2511 uti
1447 2470 1713 2511 huiusmodi
1743 2475 1876 2523 pote-

557 2544 690 2591 state,
723 2539 943 2592 culpandi
974 2545 1083 2580 sunt
1116 2553 1176 2579 ex
1210 2539 1315 2580 ocio
1348 2539 1600 2593 potestatis
1634 2545 1681 2581 et
1703 2540 1876 2580 discre-

557 2608 699 2648 dendi
730 2614 964 2662 tamquam
996 2609 1189 2649 fictores
1221 2608 1492 2662 pompatici,
1527 2622 1630 2649 cum
1660 2608 1877 2650 nesciunt

627 2774 665 2794 11.
686 2766 740 2794 AB
760 2767 790 2794 in
812 2775 926 2803 marg:
947 2768 1091 2796 Secunda
1110 2776 1196 2803 pars.
1269 2776 1314 2802 24.
1337 2769 1379 2796 A:
1402 2771 1490 2796 utere
1504 2769 1627 2803 inquam
1638 2778 1649 2801 ;
1669 2768 1689 2795 B
1712 2771 1740 2796 in
1758 2776 1873 2803 marg:

556 2812 665 2848 inquit.

627 2906 679 2937 24.
706 2897 729 2929 I.
749 2897 839 2929 Tim.
862 2897 901 2940 V,
931 2898 983 2929 23.
