<?xml version="1.0" encoding="UTF-8"?>
<!DOCTYPE html PUBLIC "-//W3C//DTD XHTML 1.0 Transitional//EN"
    "http://www.w3.org/TR/xhtml1/DTD/xhtml1-transitional.dtd">
<html xmlns="http://www.w3.org/1999/xhtml" xml:lang="en" lang="en">
 <head>
  <title>
</title>
<meta http-equiv="Content-Type" content="text/html;charset=utf-8" />
  <meta name='ocr-system' content='tesseract 3.04.00' />
  <meta name='ocr-capabilities' content='ocr_page ocr_carea ocr_par ocr_line ocrx_word'/>
</head>
<body>
  <div class='ocr_page' id='page_1' title='image "./tractatusdepotes00wycl_0304.png"; bbox 0 0 2078 3338; ppageno 0'>
   <div class='ocr_carea' id='block_1_1' title="bbox 213 262 1815 319">
    <p class='ocr_par' dir='ltr' id='par_1_1' title="bbox 213 262 1815 319">
     <span class='ocr_line' id='line_1_1' title="bbox 213 262 1815 319; baseline -0.009 -4"><span class='ocrx_word' id='word_1_1' title='bbox 213 276 292 315; x_wconf 90' lang='lat'>242</span> <span class='ocrx_word' id='word_1_2' title='bbox 933 276 1159 309; x_wconf 57' lang='lat' dir='ltr'>JOHANle</span> <span class='ocrx_word' id='word_1_3' title='bbox 1185 276 1371 308; x_wconf 72' lang='lat' dir='ltr'>WYCLIF</span> <span class='ocrx_word' id='word_1_4' title='bbox 1651 262 1758 319; x_wconf 81' lang='lat' dir='ltr'>[CAP.</span> <span class='ocrx_word' id='word_1_5' title='bbox 1778 273 1815 301; x_wconf 82' lang='lat' dir='ltr'>x.</span> 
     </span>
    </p>
   </div>
   <div class='ocr_carea' id='block_1_2' title="bbox 237 379 1852 781">
    <p class='ocr_par' dir='ltr' id='par_1_2' title="bbox 499 379 1852 712">
     <span class='ocr_line' id='line_1_2' title="bbox 559 379 1818 433; baseline 0.001 -13"><span class='ocrx_word' id='word_1_6' title='bbox 559 379 976 421; x_wconf 87' lang='lat' dir='ltr'>Consideraremus</span> <span class='ocrx_word' id='word_1_7' title='bbox 1013 380 1182 433; x_wconf 84' lang='lat' dir='ltr'>itaqae,</span> <span class='ocrx_word' id='word_1_8' title='bbox 1221 386 1445 433; x_wconf 87' lang='lat' dir='ltr'>quantum</span> <span class='ocrx_word' id='word_1_9' title='bbox 1484 379 1633 420; x_wconf 90' lang='lat' dir='ltr'>sancti</span> <span class='ocrx_word' id='word_1_10' title='bbox 1672 380 1818 421; x_wconf 91' lang='lat' dir='ltr'>eciam</span> 
     </span>
     <span class='ocr_line' id='line_1_3' title="bbox 500 449 1817 503; baseline 0 -13"><span class='ocrx_word' id='word_1_11' title='bbox 500 449 795 502; x_wconf 80' lang='lat' dir='ltr'>posteriores</span> <span class='ocrx_word' id='word_1_12' title='bbox 831 456 878 490; x_wconf 91' lang='lat' dir='ltr'>et</span> <span class='ocrx_word' id='word_1_13' title='bbox 908 451 1100 503; x_wconf 89' lang='lat' dir='ltr'>peiores</span> <span class='ocrx_word' id='word_1_14' title='bbox 1134 449 1364 503; x_wconf 92' lang='lat' dir='ltr'>apostolis</span> <span class='ocrx_word' id='word_1_15' title='bbox 1402 452 1460 491; x_wconf 87' lang='lat' dir='ltr'>ab</span> <span class='ocrx_word' id='word_1_16' title='bbox 1490 449 1584 490; x_wconf 93' lang='lat' dir='ltr'>isto</span> <span class='ocrx_word' id='word_1_17' title='bbox 1617 456 1817 503; x_wconf 90' lang='lat' dir='ltr'>peccato</span> 
     </span>
     <span class='ocr_line' id='line_1_4' title="bbox 502 518 1820 572; baseline 0.002 -14"><span class='ocrx_word' id='word_1_18' title='bbox 502 518 737 571; x_wconf 83' lang='lat' dir='ltr'>cupidinis</span> <span class='ocrx_word' id='word_1_19' title='bbox 782 532 833 559; x_wconf 93' lang='lat' dir='ltr'>se</span> <span class='ocrx_word' id='word_1_20' title='bbox 878 524 1127 559; x_wconf 87' lang='lat' dir='ltr'>servarunt</span> <span class='ocrx_word' id='word_1_21' title='bbox 1170 525 1218 559; x_wconf 90' lang='lat' dir='ltr'>et</span> <span class='ocrx_word' id='word_1_22' title='bbox 1259 518 1414 572; x_wconf 90' lang='lat' dir='ltr'>ipsum</span> <span class='ocrx_word' id='word_1_23' title='bbox 1457 518 1505 559; x_wconf 91' lang='lat' dir='ltr'>in</span> <span class='ocrx_word' id='word_1_24' title='bbox 1542 519 1732 572; x_wconf 90' lang='lat' dir='ltr'>scriptis</span> <span class='ocrx_word' id='word_1_25' title='bbox 1768 533 1820 560; x_wconf 91' lang='lat' dir='ltr'>ac</span> 
     </span>
     <span class='ocr_line' id='line_1_5' title="bbox 500 588 1822 642; baseline 0.001 -14"><span class='ocrx_word' id='word_1_26' title='bbox 500 588 661 628; x_wconf 85' lang='lat' dir='ltr'>verbis</span> <span class='ocrx_word' id='word_1_27' title='bbox 684 588 932 629; x_wconf 79' lang='lat' dir='ltr'>vivacibus</span> <span class='ocrx_word' id='word_1_28' title='bbox 953 590 1286 642; x_wconf 77' lang='lat' dir='ltr'>reprobarunt,</span> <span class='ocrx_word' id='word_1_29' title='bbox 1319 594 1372 629; x_wconf 88' lang='lat' dir='ltr'>ut</span> <span class='ocrx_word' id='word_1_30' title='bbox 1394 588 1663 641; x_wconf 80' lang='lat' dir='ltr'>specialiter</span> <span class='ocrx_word' id='word_1_31' title='bbox 1688 595 1822 642; x_wconf 90' lang='lat' dir='ltr'>patet</span> 
     </span>
     <span class='ocr_line' id='line_1_6' title="bbox 499 657 1852 712; baseline 0.001 -15"><span class='ocrx_word' id='word_1_32' title='bbox 499 657 547 697; x_wconf 90' lang='lat' dir='ltr'>in</span> <span class='ocrx_word' id='word_1_33' title='bbox 580 657 769 711; x_wconf 87' lang='lat' dir='ltr'>scriptis</span> <span class='ocrx_word' id='word_1_34' title='bbox 804 664 852 698; x_wconf 90' lang='lat' dir='ltr'>et</span> <span class='ocrx_word' id='word_1_35' title='bbox 884 658 1088 699; x_wconf 84' lang='lat' dir='ltr'>decretis</span> <span class='ocrx_word' id='word_1_36' title='bbox 1120 659 1248 698; x_wconf 83' lang='lat' dir='ltr'>beati</span> <span class='ocrx_word' id='word_1_37' title='bbox 1281 658 1513 712; x_wconf 83' lang='lat' dir='ltr'>Gregorii.</span> <span class='ocrx_word' id='word_1_38' title='bbox 1837 664 1852 694; x_wconf 79' lang='grc'>5</span> 
     </span>
    </p>

    <p class='ocr_par' dir='ltr' id='par_1_3' title="bbox 237 724 1822 781">
     <span class='ocr_line' id='line_1_7' title="bbox 237 724 1822 781; baseline 0.001 -14"><span class='ocrx_word' id='word_1_39' title='bbox 237 724 394 751; x_wconf 59' lang='lat' dir='ltr'>¹1³⁵⁵³¹d</span> <span class='ocrx_word' id='word_1_40' title='bbox 415 731 463 750; x_wconf 63' lang='lat' dir='ltr'>we</span> <span class='ocrx_word' id='word_1_41' title='bbox 560 725 658 767; x_wconf 85' lang='lat' dir='ltr'>Sed</span> <span class='ocrx_word' id='word_1_42' title='bbox 702 728 853 768; x_wconf 90' lang='lat' dir='ltr'>adhuc</span> <span class='ocrx_word' id='word_1_43' title='bbox 895 728 1163 781; x_wconf 79' lang='lat' dir='ltr'>replicatur,</span> <span class='ocrx_word' id='word_1_44' title='bbox 1209 728 1449 781; x_wconf 88' lang='lat' dir='ltr'>quomodo</span> <span class='ocrx_word' id='word_1_45' title='bbox 1494 727 1659 768; x_wconf 90' lang='lat' dir='ltr'>melius</span> <span class='ocrx_word' id='word_1_46' title='bbox 1696 727 1822 768; x_wconf 88' lang='lat' dir='ltr'>foret</span> 
     </span>
    </p>
   </div>
   <div class='ocr_carea' id='block_1_3' title="bbox 223 759 1821 851">
    <p class='ocr_par' dir='ltr' id='par_1_4' title="bbox 223 759 1821 851">
     <span class='ocr_line' id='line_1_8' title="bbox 223 759 476 786; baseline -0.004 0"><span class='ocrx_word' id='word_1_47' title='bbox 223 759 335 786; x_wconf 84' lang='lat' dir='ltr'>should</span> <span class='ocrx_word' id='word_1_48' title='bbox 358 762 476 786; x_wconf 79' lang='lat' dir='ltr'>correct</span> 
     </span>
     <span class='ocr_line' id='line_1_9' title="bbox 261 794 1821 851; baseline 0.003 -19"><span class='ocrx_word' id='word_1_49' title='bbox 261 794 311 820; x_wconf 66' lang='lat'>1¹¹0</span> <span class='ocrx_word' id='word_1_50' title='bbox 331 794 439 832; x_wconf 58' lang='lat' dir='ltr'>0¹⁶2·ng</span> <span class='ocrx_word' id='word_1_51' title='bbox 503 796 742 849; x_wconf 81' lang='lat' dir='ltr'>corrigere</span> <span class='ocrx_word' id='word_1_52' title='bbox 787 797 901 837; x_wconf 89' lang='lat' dir='ltr'>cleri</span> <span class='ocrx_word' id='word_1_53' title='bbox 946 797 1213 851; x_wconf 90' lang='lat' dir='ltr'>cupidinem</span> <span class='ocrx_word' id='word_1_54' title='bbox 1257 810 1395 851; x_wconf 88' lang='lat' dir='ltr'>quam</span> <span class='ocrx_word' id='word_1_55' title='bbox 1443 797 1620 838; x_wconf 92' lang='lat' dir='ltr'>devote</span> <span class='ocrx_word' id='word_1_56' title='bbox 1654 798 1821 838; x_wconf 87' lang='lat' dir='ltr'>collata</span> 
     </span>
    </p>
   </div>
   <div class='ocr_carea' id='block_1_4' title="bbox 229 828 1881 1267">
    <p class='ocr_par' dir='ltr' id='par_1_5' title="bbox 233 828 1881 1198">
     <span class='ocr_line' id='line_1_10' title="bbox 233 828 1823 926; baseline 0.001 -21"><span class='ocrx_word' id='word_1_57' title='bbox 233 828 461 926; x_wconf 47' lang='grc' dir='ltr'><em>ζέῑὲἕέἒῇζ</em></span> <span class='ocrx_word' id='word_1_58' title='bbox 503 865 698 916; x_wconf 88' lang='lat' dir='ltr'>auferre,</span> <span class='ocrx_word' id='word_1_59' title='bbox 738 879 844 906; x_wconf 91' lang='lat' dir='ltr'>curn</span> <span class='ocrx_word' id='word_1_60' title='bbox 874 866 965 906; x_wconf 87' lang='lat' dir='ltr'>ista</span> <span class='ocrx_word' id='word_1_61' title='bbox 994 872 1200 919; x_wconf 86' lang='lat' dir='ltr'>possunt</span> <span class='ocrx_word' id='word_1_62' title='bbox 1230 866 1468 907; x_wconf 88' lang='lat' dir='ltr'>meritorie</span> <span class='ocrx_word' id='word_1_63' title='bbox 1505 866 1743 920; x_wconf 90' lang='lat' dir='ltr'>possideri</span> <span class='ocrx_word' id='word_1_64' title='bbox 1776 873 1823 907; x_wconf 91' lang='lat' dir='ltr'>et</span> 
     </span>
     <span class='ocr_line' id='line_1_11' title="bbox 501 935 1824 990; baseline 0.001 -15"><span class='ocrx_word' id='word_1_65' title='bbox 501 935 730 976; x_wconf 79' lang='lat' dir='ltr'>securitas</span> <span class='ocrx_word' id='word_1_66' title='bbox 755 949 807 976; x_wconf 90' lang='lat' dir='ltr'>ac</span> <span class='ocrx_word' id='word_1_67' title='bbox 832 935 969 989; x_wconf 89' lang='lat' dir='ltr'>copia</span> <span class='ocrx_word' id='word_1_68' title='bbox 990 936 1321 989; x_wconf 83' lang='lat' dir='ltr'>temporalium</span> <span class='ocrx_word' id='word_1_69' title='bbox 1344 936 1580 977; x_wconf 88' lang='lat' dir='ltr'>confortat</span> <span class='ocrx_word' id='word_1_70' title='bbox 1604 942 1652 976; x_wconf 89' lang='lat' dir='ltr'>et</span> <span class='ocrx_word' id='word_1_71' title='bbox 1678 942 1824 990; x_wconf 90' lang='lat' dir='ltr'>auget</span> 
     </span>
     <span class='ocr_line' id='line_1_12' title="bbox 502 1005 1881 1060; baseline 0 -15"><span class='ocrx_word' id='word_1_72' title='bbox 502 1005 714 1056; x_wconf 90' lang='lat' dir='ltr'>clericos,</span> <span class='ocrx_word' id='word_1_73' title='bbox 759 1018 870 1060; x_wconf 90' lang='lat' dir='ltr'>ymo</span> <span class='ocrx_word' id='word_1_74' title='bbox 914 1006 1091 1046; x_wconf 85' lang='lat' dir='ltr'>habent</span> <span class='ocrx_word' id='word_1_75' title='bbox 1132 1006 1237 1056; x_wconf 88' lang='lat' dir='ltr'>hoc,</span> <span class='ocrx_word' id='word_1_76' title='bbox 1284 1019 1388 1046; x_wconf 90' lang='lat' dir='ltr'>cum</span> <span class='ocrx_word' id='word_1_77' title='bbox 1432 1005 1492 1046; x_wconf 87' lang='lat' dir='ltr'>sit</span> <span class='ocrx_word' id='word_1_78' title='bbox 1534 1005 1822 1046; x_wconf 88' lang='lat' dir='ltr'>meritorium</span> <span class='ocrx_word' id='word_1_79' title='bbox 1844 1020 1881 1040; x_wconf 82' lang='lat'>10</span> 
     </span>
     <span class='ocr_line' id='line_1_13' title="bbox 503 1074 1822 1129; baseline -0.001 -14"><span class='ocrx_word' id='word_1_80' title='bbox 503 1080 551 1115; x_wconf 90' lang='lat' dir='ltr'>et</span> <span class='ocrx_word' id='word_1_81' title='bbox 580 1074 704 1116; x_wconf 90' lang='lat' dir='ltr'>iuste</span> <span class='ocrx_word' id='word_1_82' title='bbox 734 1075 937 1128; x_wconf 89' lang='lat' dir='ltr'>petitum</span> <span class='ocrx_word' id='word_1_83' title='bbox 970 1089 1032 1115; x_wconf 80' lang='lat' dir='ltr'>ex</span> <span class='ocrx_word' id='word_1_84' title='bbox 1053 1075 1189 1116; x_wconf 88' lang='lat' dir='ltr'>titulo</span> <span class='ocrx_word' id='word_1_85' title='bbox 1215 1075 1326 1116; x_wconf 90' lang='lat' dir='ltr'>doni</span> <span class='ocrx_word' id='word_1_86' title='bbox 1349 1075 1461 1125; x_wconf 83' lang='lat' dir='ltr'>Dei;</span> <span class='ocrx_word' id='word_1_87' title='bbox 1495 1088 1642 1129; x_wconf 90' lang='lat' dir='ltr'>grave</span> <span class='ocrx_word' id='word_1_88' title='bbox 1663 1075 1822 1128; x_wconf 88' lang='lat' dir='ltr'>itaque</span> 
     </span>
     <span class='ocr_line' id='line_1_14' title="bbox 501 1144 1820 1198; baseline 0 -14"><span class='ocrx_word' id='word_1_89' title='bbox 501 1144 626 1184; x_wconf 89' lang='lat' dir='ltr'>foret</span> <span class='ocrx_word' id='word_1_90' title='bbox 642 1157 745 1185; x_wconf 90' lang='lat' dir='ltr'>cum</span> <span class='ocrx_word' id='word_1_91' title='bbox 762 1150 892 1185; x_wconf 89' lang='lat' dir='ltr'>tanta</span> <span class='ocrx_word' id='word_1_92' title='bbox 912 1144 1242 1185; x_wconf 88' lang='lat' dir='ltr'>subtraccione</span> <span class='ocrx_word' id='word_1_93' title='bbox 1256 1146 1536 1198; x_wconf 88' lang='lat' dir='ltr'>perturbare</span> <span class='ocrx_word' id='word_1_94' title='bbox 1560 1145 1820 1185; x_wconf 88' lang='lat' dir='ltr'>ecclesiam.</span> 
     </span>
    </p>

    <p class='ocr_par' dir='ltr' id='par_1_6' title="bbox 229 1213 1822 1267">
     <span class='ocr_line' id='line_1_15' title="bbox 229 1213 1822 1267; baseline 0 -14"><span class='ocrx_word' id='word_1_95' title='bbox 229 1222 294 1250; x_wconf 84' lang='lat' dir='ltr'>The</span> <span class='ocrx_word' id='word_1_96' title='bbox 315 1223 382 1250; x_wconf 83' lang='lat' dir='ltr'>best</span> <span class='ocrx_word' id='word_1_97' title='bbox 401 1229 470 1258; x_wconf 79' lang='lat' dir='ltr'>way</span> <span class='ocrx_word' id='word_1_98' title='bbox 559 1213 651 1253; x_wconf 89' lang='lat' dir='ltr'>Hic</span> <span class='ocrx_word' id='word_1_99' title='bbox 680 1214 868 1254; x_wconf 87' lang='lat' dir='ltr'>videtur</span> <span class='ocrx_word' id='word_1_100' title='bbox 889 1214 1028 1254; x_wconf 89' lang='lat' dir='ltr'>michi</span> <span class='ocrx_word' id='word_1_101' title='bbox 1057 1215 1187 1267; x_wconf 90' lang='lat' dir='ltr'>quod</span> <span class='ocrx_word' id='word_1_102' title='bbox 1210 1214 1457 1255; x_wconf 89' lang='lat' dir='ltr'>evidencia</span> <span class='ocrx_word' id='word_1_103' title='bbox 1478 1227 1571 1254; x_wconf 91' lang='lat' dir='ltr'>non</span> <span class='ocrx_word' id='word_1_104' title='bbox 1590 1213 1822 1267; x_wconf 76' lang='lat' dir='ltr'>procedit,</span> 
     </span>
    </p>
   </div>
   <div class='ocr_carea' id='block_1_5' title="bbox 218 1261 1822 1328">
    <p class='ocr_par' dir='ltr' id='par_1_7' title="bbox 218 1261 1822 1328">
     <span class='ocr_line' id='line_1_16' title="bbox 218 1261 1822 1328; baseline 0.002 -8"><span class='ocrx_word' id='word_1_105' title='bbox 218 1261 488 1328; x_wconf 47' lang='lat' dir='ltr'>ttsskffssffitysshsso</span> <span class='ocrx_word' id='word_1_106' title='bbox 504 1296 608 1323; x_wconf 92' lang='lat' dir='ltr'>cum</span> <span class='ocrx_word' id='word_1_107' title='bbox 639 1283 805 1324; x_wconf 86' lang='lat' dir='ltr'>melius</span> <span class='ocrx_word' id='word_1_108' title='bbox 838 1283 962 1324; x_wconf 87' lang='lat' dir='ltr'>foret</span> <span class='ocrx_word' id='word_1_109' title='bbox 995 1284 1190 1324; x_wconf 90' lang='lat' dir='ltr'>clericos</span> <span class='ocrx_word' id='word_1_110' title='bbox 1224 1284 1496 1324; x_wconf 90' lang='lat' dir='ltr'>conversari</span> <span class='ocrx_word' id='word_1_111' title='bbox 1528 1289 1578 1324; x_wconf 92' lang='lat' dir='ltr'>ut</span> <span class='ocrx_word' id='word_1_112' title='bbox 1623 1283 1822 1324; x_wconf 89' lang='lat' dir='ltr'>clericos</span> 
     </span>
    </p>
   </div>
   <div class='ocr_carea' id='block_1_6' title="bbox 252 1326 1961 2588">
    <p class='ocr_par' dir='ltr' id='par_1_8' title="bbox 252 1326 1961 2450">
     <span class='ocr_line' id='line_1_17' title="bbox 252 1326 1879 1407; baseline 0.003 -18"><span class='ocrx_word' id='word_1_113' title='bbox 252 1334 398 1390; x_wconf 49' lang='grc' dir='ltr'>οσσὲῗῑῗῖι</span> <span class='ocrx_word' id='word_1_114' title='bbox 418 1326 452 1353; x_wconf 70' lang='lat' dir='ltr'>Of</span> <span class='ocrx_word' id='word_1_115' title='bbox 503 1353 787 1406; x_wconf 85' lang='lat' dir='ltr'>generaliter</span> <span class='ocrx_word' id='word_1_116' title='bbox 809 1354 967 1407; x_wconf 89' lang='lat' dir='ltr'>quoad</span> <span class='ocrx_word' id='word_1_117' title='bbox 996 1366 1320 1407; x_wconf 88' lang='lat' dir='ltr'>quoscumque</span> <span class='ocrx_word' id='word_1_118' title='bbox 1354 1354 1561 1400; x_wconf 78' lang='lat' dir='ltr'>dotatos:</span> <span class='ocrx_word' id='word_1_119' title='bbox 1595 1353 1823 1406; x_wconf 90' lang='lat' dir='ltr'>optimum</span> <span class='ocrx_word' id='word_1_120' title='bbox 1843 1357 1879 1389; x_wconf 80' lang='lat'>15</span> 
     </span>
     <span class='ocr_line' id='line_1_18' title="bbox 502 1421 1822 1476; baseline 0.001 -14"><span class='ocrx_word' id='word_1_121' title='bbox 502 1421 663 1476; x_wconf 91' lang='lat' dir='ltr'>itaque</span> <span class='ocrx_word' id='word_1_122' title='bbox 701 1423 827 1464; x_wconf 85' lang='lat' dir='ltr'>foret</span> <span class='ocrx_word' id='word_1_123' title='bbox 857 1423 1080 1464; x_wconf 90' lang='lat' dir='ltr'>radicitus</span> <span class='ocrx_word' id='word_1_124' title='bbox 1114 1423 1354 1476; x_wconf 88' lang='lat' dir='ltr'>corrigere</span> <span class='ocrx_word' id='word_1_125' title='bbox 1395 1422 1507 1463; x_wconf 89' lang='lat' dir='ltr'>cleri</span> <span class='ocrx_word' id='word_1_126' title='bbox 1539 1422 1822 1476; x_wconf 79' lang='lat' dir='ltr'>cupidinem,</span> 
     </span>
     <span class='ocr_line' id='line_1_19' title="bbox 504 1491 1823 1546; baseline 0 -14"><span class='ocrx_word' id='word_1_127' title='bbox 504 1491 760 1533; x_wconf 86' lang='lat' dir='ltr'>auferendo</span> <span class='ocrx_word' id='word_1_128' title='bbox 775 1506 1067 1533; x_wconf 87' lang='lat' dir='ltr'>venenosam</span> <span class='ocrx_word' id='word_1_129' title='bbox 1089 1493 1401 1543; x_wconf 86' lang='lat' dir='ltr'>occasionem,</span> <span class='ocrx_word' id='word_1_130' title='bbox 1425 1493 1492 1533; x_wconf 91' lang='lat' dir='ltr'>sic</span> <span class='ocrx_word' id='word_1_131' title='bbox 1516 1493 1646 1546; x_wconf 90' lang='lat' dir='ltr'>quod</span> <span class='ocrx_word' id='word_1_132' title='bbox 1669 1493 1823 1533; x_wconf 91' lang='lat' dir='ltr'>clerus</span> 
     </span>
     <span class='ocr_line' id='line_1_20' title="bbox 502 1561 1825 1616; baseline 0.002 -15"><span class='ocrx_word' id='word_1_133' title='bbox 502 1561 728 1602; x_wconf 90' lang='lat' dir='ltr'>reductus</span> <span class='ocrx_word' id='word_1_134' title='bbox 761 1562 819 1602; x_wconf 89' lang='lat' dir='ltr'>ad</span> <span class='ocrx_word' id='word_1_135' title='bbox 850 1562 1201 1616; x_wconf 88' lang='lat' dir='ltr'>perfeccionem</span> <span class='ocrx_word' id='word_1_136' title='bbox 1234 1567 1384 1603; x_wconf 90' lang='lat' dir='ltr'>status</span> <span class='ocrx_word' id='word_1_137' title='bbox 1421 1562 1624 1615; x_wconf 88' lang='lat' dir='ltr'>primevi</span> <span class='ocrx_word' id='word_1_138' title='bbox 1662 1564 1825 1603; x_wconf 78' lang='lat' dir='ltr'>allidat</span> 
     </span>
     <span class='ocr_line' id='line_1_21' title="bbox 496 1631 1824 1685; baseline 0 -13"><span class='ocrx_word' id='word_1_139' title='bbox 496 1632 723 1684; x_wconf 76' lang='lat' dir='ltr'>parvulos</span> <span class='ocrx_word' id='word_1_140' title='bbox 758 1638 916 1672; x_wconf 87' lang='lat' dir='ltr'>reatus</span> <span class='ocrx_word' id='word_1_141' title='bbox 955 1634 1017 1672; x_wconf 80' lang='lat' dir='ltr'>ad</span> <span class='ocrx_word' id='word_1_142' title='bbox 1048 1635 1235 1685; x_wconf 77' lang='lat' dir='ltr'>petram</span> <span class='ocrx_word' id='word_1_143' title='bbox 1272 1631 1470 1672; x_wconf 87' lang='lat' dir='ltr'>iusticie.</span> <span class='ocrx_word' id='word_1_144' title='bbox 1523 1631 1621 1672; x_wconf 86' lang='lat' dir='ltr'>Ista</span> <span class='ocrx_word' id='word_1_145' title='bbox 1663 1631 1824 1685; x_wconf 89' lang='lat' dir='ltr'>itaque</span> 
     </span>
     <span class='ocr_line' id='line_1_22' title="bbox 502 1701 1882 1756; baseline 0.001 -15"><span class='ocrx_word' id='word_1_146' title='bbox 502 1701 628 1742; x_wconf 86' lang='lat' dir='ltr'>foret</span> <span class='ocrx_word' id='word_1_147' title='bbox 660 1702 901 1742; x_wconf 89' lang='lat' dir='ltr'>correccio</span> <span class='ocrx_word' id='word_1_148' title='bbox 937 1701 1209 1756; x_wconf 85' lang='lat' dir='ltr'>cupiditatis</span> <span class='ocrx_word' id='word_1_149' title='bbox 1243 1701 1358 1742; x_wconf 90' lang='lat' dir='ltr'>cleri</span> <span class='ocrx_word' id='word_1_150' title='bbox 1389 1701 1688 1752; x_wconf 87' lang='lat' dir='ltr'>fructuosior,</span> <span class='ocrx_word' id='word_1_151' title='bbox 1719 1715 1823 1755; x_wconf 89' lang='lat' dir='ltr'>per·</span> <span class='ocrx_word' id='word_1_152' title='bbox 1841 1714 1882 1735; x_wconf 87' lang='lat'>20</span> 
     </span>
     <span class='ocr_line' id='line_1_23' title="bbox 503 1770 1821 1824; baseline 0.002 -15"><span class='ocrx_word' id='word_1_153' title='bbox 503 1770 776 1811; x_wconf 87' lang='lat' dir='ltr'>manencior</span> <span class='ocrx_word' id='word_1_154' title='bbox 799 1777 846 1812; x_wconf 87' lang='lat' dir='ltr'>et</span> <span class='ocrx_word' id='word_1_155' title='bbox 868 1770 1170 1824; x_wconf 88' lang='lat' dir='ltr'>complecior,</span> <span class='ocrx_word' id='word_1_156' title='bbox 1200 1784 1339 1824; x_wconf 89' lang='lat' dir='ltr'>quam</span> <span class='ocrx_word' id='word_1_157' title='bbox 1360 1771 1589 1810; x_wconf 85' lang='lat' dir='ltr'>blasfema</span> <span class='ocrx_word' id='word_1_158' title='bbox 1610 1770 1821 1811; x_wconf 80' lang='lat' dir='ltr'>extorsio</span> 
     </span>
     <span class='ocr_line' id='line_1_24' title="bbox 502 1839 1824 1894; baseline 0.001 -15"><span class='ocrx_word' id='word_1_159' title='bbox 502 1839 768 1880; x_wconf 87' lang='lat' dir='ltr'>humanitus</span> <span class='ocrx_word' id='word_1_160' title='bbox 799 1840 1002 1894; x_wconf 89' lang='lat' dir='ltr'>palliata.</span> <span class='ocrx_word' id='word_1_161' title='bbox 1047 1839 1139 1892; x_wconf 75' lang='lat' dir='ltr'>Qui</span> <span class='ocrx_word' id='word_1_162' title='bbox 1171 1839 1292 1880; x_wconf 89' lang='lat' dir='ltr'>enim</span> <span class='ocrx_word' id='word_1_163' title='bbox 1325 1846 1511 1880; x_wconf 86' lang='lat' dir='ltr'>sanaret</span> <span class='ocrx_word' id='word_1_164' title='bbox 1543 1840 1712 1880; x_wconf 91' lang='lat' dir='ltr'>vulnus</span> <span class='ocrx_word' id='word_1_165' title='bbox 1746 1841 1824 1880; x_wconf 89' lang='lat' dir='ltr'>vel</span> 
     </span>
     <span class='ocr_line' id='line_1_25' title="bbox 503 1909 1823 1960; baseline 0 -11"><span class='ocrx_word' id='word_1_166' title='bbox 503 1911 719 1949; x_wconf 88' lang='lat' dir='ltr'>morbum</span> <span class='ocrx_word' id='word_1_167' title='bbox 760 1909 975 1960; x_wconf 88' lang='lat' dir='ltr'>hominis,</span> <span class='ocrx_word' id='word_1_168' title='bbox 1021 1910 1290 1950; x_wconf 86' lang='lat' dir='ltr'>destrueret</span> <span class='ocrx_word' id='word_1_169' title='bbox 1330 1909 1582 1949; x_wconf 85' lang='lat' dir='ltr'>radicalem</span> <span class='ocrx_word' id='word_1_170' title='bbox 1615 1922 1823 1957; x_wconf 88' lang='lat' dir='ltr'>causam;</span> 
     </span>
     <span class='ocr_line' id='line_1_26' title="bbox 506 1978 1823 2031; baseline 0 -13"><span class='ocrx_word' id='word_1_171' title='bbox 506 1991 597 2031; x_wconf 90' lang='lat' dir='ltr'>qua</span> <span class='ocrx_word' id='word_1_172' title='bbox 640 1978 830 2019; x_wconf 88' lang='lat' dir='ltr'>dimissa</span> <span class='ocrx_word' id='word_1_173' title='bbox 871 1984 1137 2019; x_wconf 87' lang='lat' dir='ltr'>remaneret</span> <span class='ocrx_word' id='word_1_174' title='bbox 1177 1983 1348 2031; x_wconf 90' lang='lat' dir='ltr'>patens</span> <span class='ocrx_word' id='word_1_175' title='bbox 1399 1978 1585 2019; x_wconf 86' lang='lat' dir='ltr'>occasio</span> <span class='ocrx_word' id='word_1_176' title='bbox 1628 1978 1823 2019; x_wconf 86' lang='lat' dir='ltr'>frutices</span> 
     </span>
     <span class='ocr_line' id='line_1_27' title="bbox 507 2047 1881 2101; baseline 0.001 -14"><span class='ocrx_word' id='word_1_177' title='bbox 507 2047 740 2100; x_wconf 90' lang='lat' dir='ltr'>cupidinis</span> <span class='ocrx_word' id='word_1_178' title='bbox 778 2047 1092 2101; x_wconf 82' lang='lat' dir='ltr'>producendi3</span> <span class='ocrx_word' id='word_1_179' title='bbox 1136 2053 1329 2101; x_wconf 83' lang='lat' dir='ltr'>oportet</span> <span class='ocrx_word' id='word_1_180' title='bbox 1372 2052 1527 2088; x_wconf 89' lang='lat' dir='ltr'>tamen</span> <span class='ocrx_word' id='word_1_181' title='bbox 1565 2048 1825 2101; x_wconf 87' lang='lat' dir='ltr'>prudenter</span> <span class='ocrx_word' id='word_1_182' title='bbox 1841 2053 1881 2084; x_wconf 82' lang='lat'>25</span> 
     </span>
     <span class='ocr_line' id='line_1_28' title="bbox 506 2116 1824 2171; baseline 0.001 -15"><span class='ocrx_word' id='word_1_183' title='bbox 506 2117 689 2157; x_wconf 85' lang='lat' dir='ltr'>auferre</span> <span class='ocrx_word' id='word_1_184' title='bbox 741 2117 947 2158; x_wconf 91' lang='lat' dir='ltr'>radicem</span> <span class='ocrx_word' id='word_1_185' title='bbox 996 2117 1135 2158; x_wconf 89' lang='lat' dir='ltr'>istam</span> <span class='ocrx_word' id='word_1_186' title='bbox 1186 2116 1473 2171; x_wconf 87' lang='lat' dir='ltr'>pestiferam,</span> <span class='ocrx_word' id='word_1_187' title='bbox 1527 2118 1714 2170; x_wconf 89' lang='lat' dir='ltr'>quando</span> <span class='ocrx_word' id='word_1_188' title='bbox 1763 2131 1824 2157; x_wconf 79' lang='lat' dir='ltr'>ex</span> 
     </span>
     <span class='ocr_line' id='line_1_29' title="bbox 504 2186 1822 2240; baseline 0.001 -15"><span class='ocrx_word' id='word_1_189' title='bbox 504 2191 705 2239; x_wconf 87' lang='lat' dir='ltr'>peccato</span> <span class='ocrx_word' id='word_1_190' title='bbox 749 2186 938 2226; x_wconf 91' lang='lat' dir='ltr'>notorio</span> <span class='ocrx_word' id='word_1_191' title='bbox 996 2187 1133 2227; x_wconf 89' lang='lat' dir='ltr'>datur</span> <span class='ocrx_word' id='word_1_192' title='bbox 1177 2186 1365 2227; x_wconf 84' lang='lat' dir='ltr'>occasio</span> <span class='ocrx_word' id='word_1_193' title='bbox 1419 2186 1672 2237; x_wconf 85' lang='lat' dir='ltr'>auferendi,</span> <span class='ocrx_word' id='word_1_194' title='bbox 1717 2200 1822 2240; x_wconf 87' lang='lat' dir='ltr'>spe-</span> 
     </span>
     <span class='ocr_line' id='line_1_30' title="bbox 506 2255 1822 2309; baseline 0.001 -14"><span class='ocrx_word' id='word_1_195' title='bbox 506 2255 686 2295; x_wconf 88' lang='lat' dir='ltr'>cialiter</span> <span class='ocrx_word' id='word_1_196' title='bbox 717 2255 990 2309; x_wconf 86' lang='lat' dir='ltr'>incipiendo</span> <span class='ocrx_word' id='word_1_197' title='bbox 1025 2269 1050 2295; x_wconf 89' lang='lat' dir='ltr'>a</span> <span class='ocrx_word' id='word_1_198' title='bbox 1081 2256 1213 2296; x_wconf 87' lang='lat' dir='ltr'>fonte</span> <span class='ocrx_word' id='word_1_199' title='bbox 1248 2255 1480 2309; x_wconf 89' lang='lat' dir='ltr'>cupidinis</span> <span class='ocrx_word' id='word_1_200' title='bbox 1513 2256 1822 2309; x_wconf 88' lang='lat' dir='ltr'>producendi,</span> 
     </span>
     <span class='ocr_line' id='line_1_31' title="bbox 506 2324 1824 2379; baseline 0.001 -15"><span class='ocrx_word' id='word_1_201' title='bbox 506 2324 614 2377; x_wconf 90' lang='lat' dir='ltr'>quia</span> <span class='ocrx_word' id='word_1_202' title='bbox 650 2338 746 2365; x_wconf 92' lang='lat' dir='ltr'>non</span> <span class='ocrx_word' id='word_1_203' title='bbox 779 2326 1037 2365; x_wconf 87' lang='lat' dir='ltr'>cessabunt</span> <span class='ocrx_word' id='word_1_204' title='bbox 1070 2325 1380 2379; x_wconf 86' lang='lat' dir='ltr'>cupiditatum</span> <span class='ocrx_word' id='word_1_205' title='bbox 1418 2325 1568 2379; x_wconf 85' lang='lat' dir='ltr'>litigia</span> <span class='ocrx_word' id='word_1_206' title='bbox 1598 2325 1688 2366; x_wconf 88' lang='lat' dir='ltr'>nisi</span> <span class='ocrx_word' id='word_1_207' title='bbox 1718 2325 1824 2379; x_wconf 86' lang='lat' dir='ltr'>ipse</span> 
     </span>
     <span class='ocr_line' id='line_1_32' title="bbox 504 2393 1961 2450; baseline -0.001 -16"><span class='ocrx_word' id='word_1_208' title='bbox 504 2393 647 2434; x_wconf 87' lang='lat' dir='ltr'>fuerit</span> <span class='ocrx_word' id='word_1_209' title='bbox 679 2394 959 2436; x_wconf 78' lang='lat' dir='ltr'>exsiccatus.</span> <span class='ocrx_word' id='word_1_210' title='bbox 989 2395 995 2450; x_wconf 80' lang='grc' dir='ltr'>Ι</span> <span class='ocrx_word' id='word_1_211' title='bbox 1841 2401 1882 2432; x_wconf 82' lang='lat'>30</span> <span class='ocrx_word' id='word_1_212' title='bbox 1958 2447 1961 2450; x_wconf 15' lang='lat' dir='ltr'>y</span> 
     </span>
    </p>

    <p class='ocr_par' dir='ltr' id='par_1_9' title="bbox 507 2462 1948 2588">
     <span class='ocr_line' id='line_1_33' title="bbox 564 2462 1948 2516; baseline 0.001 -12"><span class='ocrx_word' id='word_1_213' title='bbox 564 2462 685 2504; x_wconf 87' lang='lat' dir='ltr'>Sunt</span> <span class='ocrx_word' id='word_1_214' title='bbox 707 2470 862 2504; x_wconf 87' lang='lat' dir='ltr'>autem</span> <span class='ocrx_word' id='word_1_215' title='bbox 885 2465 1010 2505; x_wconf 87' lang='lat' dir='ltr'>mille</span> <span class='ocrx_word' id='word_1_216' title='bbox 1035 2464 1315 2505; x_wconf 90' lang='lat' dir='ltr'>occasiones</span> <span class='ocrx_word' id='word_1_217' title='bbox 1345 2465 1540 2505; x_wconf 87' lang='lat' dir='ltr'>sanandi</span> <span class='ocrx_word' id='word_1_218' title='bbox 1564 2465 1823 2516; x_wconf 91' lang='lat' dir='ltr'>ecclesiam,</span> <span class='ocrx_word' id='word_1_219' title='bbox 1864 2479 1948 2512; x_wconf 67' lang='lat'>221⁶</span> 
     </span>
     <span class='ocr_line' id='line_1_34' title="bbox 507 2534 1822 2588; baseline 0.002 -16"><span class='ocrx_word' id='word_1_220' title='bbox 507 2534 592 2573; x_wconf 90' lang='lat' dir='ltr'>sed</span> <span class='ocrx_word' id='word_1_221' title='bbox 626 2534 807 2574; x_wconf 87' lang='lat' dir='ltr'>cautela</span> <span class='ocrx_word' id='word_1_222' title='bbox 839 2534 1032 2587; x_wconf 90' lang='lat' dir='ltr'>dyaboli</span> <span class='ocrx_word' id='word_1_223' title='bbox 1070 2534 1223 2588; x_wconf 90' lang='lat' dir='ltr'>sparsi</span> <span class='ocrx_word' id='word_1_224' title='bbox 1255 2541 1364 2575; x_wconf 89' lang='lat' dir='ltr'>sunt</span> <span class='ocrx_word' id='word_1_225' title='bbox 1402 2535 1591 2576; x_wconf 85' lang='lat' dir='ltr'>favores</span> <span class='ocrx_word' id='word_1_226' title='bbox 1625 2541 1672 2576; x_wconf 90' lang='lat' dir='ltr'>et</span> <span class='ocrx_word' id='word_1_227' title='bbox 1713 2548 1822 2588; x_wconf 79' lang='lat' dir='ltr'>pax,</span> 
     </span>
    </p>
   </div>
   <div class='ocr_carea' id='block_1_7' title="bbox 507 2603 1823 2655">
    <p class='ocr_par' dir='ltr' id='par_1_10' title="bbox 507 2603 1823 2655">
     <span class='ocr_line' id='line_1_35' title="bbox 507 2603 1823 2655; baseline 0.002 -12"><span class='ocrx_word' id='word_1_228' title='bbox 507 2616 644 2655; x_wconf 89' lang='lat' dir='ltr'>quam</span> <span class='ocrx_word' id='word_1_229' title='bbox 678 2603 892 2644; x_wconf 90' lang='lat' dir='ltr'>Christus</span> <span class='ocrx_word' id='word_1_230' title='bbox 923 2604 1055 2644; x_wconf 89' lang='lat' dir='ltr'>venit</span> <span class='ocrx_word' id='word_1_231' title='bbox 1088 2604 1366 2655; x_wconf 92' lang='lat' dir='ltr'>dissolvere,</span> <span class='ocrx_word' id='word_1_232' title='bbox 1400 2610 1448 2645; x_wconf 91' lang='lat' dir='ltr'>et</span> <span class='ocrx_word' id='word_1_233' title='bbox 1479 2604 1547 2644; x_wconf 90' lang='lat' dir='ltr'>sic</span> <span class='ocrx_word' id='word_1_234' title='bbox 1580 2605 1703 2645; x_wconf 89' lang='lat' dir='ltr'>dona</span> <span class='ocrx_word' id='word_1_235' title='bbox 1734 2618 1823 2645; x_wconf 90' lang='lat' dir='ltr'>ma-</span> 
     </span>
    </p>
   </div>
   <div class='ocr_carea' id='block_1_8' title="bbox 506 2773 1822 2855">
    <p class='ocr_par' dir='ltr' id='par_1_11' title="bbox 506 2773 1822 2855">
     <span class='ocr_line' id='line_1_36' title="bbox 578 2773 1822 2812; baseline 0.002 -10"><span class='ocrx_word' id='word_1_236' title='bbox 578 2773 604 2802; x_wconf 87' lang='lat'>5.</span> <span class='ocrx_word' id='word_1_237' title='bbox 627 2774 728 2802; x_wconf 90' lang='lat' dir='ltr'>Codd.</span> <span class='ocrx_word' id='word_1_238' title='bbox 755 2774 786 2802; x_wconf 89' lang='lat' dir='ltr'>in</span> <span class='ocrx_word' id='word_1_239' title='bbox 813 2782 928 2810; x_wconf 85' lang='lat' dir='ltr'>marg.:</span> <span class='ocrx_word' id='word_1_240' title='bbox 956 2775 1139 2803; x_wconf 78' lang='lat' dir='ltr'>Dotaciom&#39;s</span> <span class='ocrx_word' id='word_1_241' title='bbox 1165 2779 1396 2811; x_wconf 80' lang='lat' dir='ltr'>argumentum.</span> <span class='ocrx_word' id='word_1_242' title='bbox 1472 2775 1500 2803; x_wconf 85' lang='lat'>8.</span> <span class='ocrx_word' id='word_1_243' title='bbox 1521 2775 1621 2803; x_wconf 88' lang='lat' dir='ltr'>Codd.</span> <span class='ocrx_word' id='word_1_244' title='bbox 1649 2777 1679 2803; x_wconf 89' lang='lat' dir='ltr'>in</span> <span class='ocrx_word' id='word_1_245' title='bbox 1708 2785 1822 2812; x_wconf 60' lang='lat' dir='ltr'>marg:</span> 
     </span>
     <span class='ocr_line' id='line_1_37' title="bbox 506 2820 882 2855; baseline 0.003 -8"><span class='ocrx_word' id='word_1_246' title='bbox 506 2820 634 2848; x_wconf 77' lang='lat' dir='ltr'>Ablacio</span> <span class='ocrx_word' id='word_1_247' title='bbox 658 2820 882 2855; x_wconf 81' lang='lat' dir='ltr'>temporalium.</span> 
     </span>
    </p>
   </div>
   <div class='ocr_carea' id='block_1_9' title="bbox 582 2891 1123 2937">
    <p class='ocr_par' dir='ltr' id='par_1_12' title="bbox 582 2891 1123 2937">
     <span class='ocr_line' id='line_1_38' title="bbox 582 2891 1123 2937; baseline 0.004 -14"><span class='ocrx_word' id='word_1_248' title='bbox 582 2891 629 2932; x_wconf 81' lang='lat'>18,</span> <span class='ocrx_word' id='word_1_249' title='bbox 663 2903 712 2935; x_wconf 76' lang='lat'>19·</span> <span class='ocrx_word' id='word_1_250' title='bbox 738 2893 855 2925; x_wconf 74' lang='lat' dir='ltr'>Psalm</span> <span class='ocrx_word' id='word_1_251' title='bbox 883 2894 1064 2937; x_wconf 77' lang='lat' dir='ltr'>CXXXVl,</span> <span class='ocrx_word' id='word_1_252' title='bbox 1092 2905 1123 2937; x_wconf 81' lang='lat'>9.</span> 
     </span>
    </p>
   </div>
  </div>
 </body>
</html>
