2078 3338
215 281 306 309 CAP.
327 273 413 325 vn]
615 283 675 315 DE
702 281 983 315 POTESTATE
1010 282 1139 315 PAPE.
1749 287 1762 313 1
1772 286 1825 324 43

215 387 448 428 lacionum
482 387 797 440 corporalium
830 392 877 427 et
909 386 1111 428 omnium
1145 386 1443 429 amissionum
1474 387 1534 427 fa·
1555 398 1698 434 teaching
1717 407 1754 427 us
1775 403 1829 427 not

216 471 387 498 vorum
409 457 724 508 mundialium,
746 462 798 497 ut
827 457 1020 498 similius
1037 471 1288 512 sequamur
1302 457 1536 499 Christum
1558 438 1589 461 ω
1609 434 1828 497 fteffiuiffigfldly

217 533 263 568 et
293 528 486 569 Petrum
525 532 574 567 et
610 527 857 567 induemus
894 527 1135 568 formalius
1176 542 1349 582 corpus
1388 541 1536 582 suum,

218 611 322 638 cum
355 597 613 638 secundum
646 596 906 638 doctrinam
936 598 1087 652 prima
1107 597 1241 639 Petri
1262 597 1320 648 V,
1345 611 1368 649 3
1397 598 1537 638 debe-

184 681 318 716 5mus
352 680 458 708 esse
489 667 657 719 forma
689 669 813 721 facti
851 670 1011 722 gregis
1052 680 1142 709 uou
1185 671 1333 708 coacte
1368 669 1448 709 sed
1491 680 1541 709 ex

215 739 386 779 auimo.
438 737 690 790 Quomodo
728 737 874 793 igitur
911 752 1007 779 non
1044 738 1234 792 proficit
1273 738 1358 778 sed
1393 737 1541 780 officit

216 809 273 849 ad
310 808 400 848 hoc
439 808 650 848 seculare
690 808 960 857 dominium;
1005 809 1131 848 unde
1174 810 1345 849 beatus
1388 808 1538 848 Evan-

216 878 388 933 gelista
417 878 706 931 prenuncius
737 878 1033 931 Antichristi,
1069 879 1149 932 qui
1181 883 1353 919 statum
1384 877 1539 918 tocius

102 960 178 1004 1960
217 947 420 989 ecclesie
442 947 650 1001 previdit
677 947 681 1004 Ι
710 948 991 1002 prophetice
1013 948 1167 1002 Apoc.
1189 948 1304 1001 XII,
1329 961 1440 1000 3-—4
1473 948 1540 989 sic

162 1041 201 1062 10
218 1017 406 1058 effatur:
445 1017 568 1071 Ecce,
600 1018 766 1072 inquit,
800 1020 940 1059 draco
973 1028 1174 1072 maguus
1204 1019 1344 1071 rufus
1374 1019 1541 1059 habeus

215 1089 371 1142 capita
420 1092 588 1141 septem
641 1092 680 1130 et
729 1102 904 1130 coruua
947 1090 1099 1130 decem
1144 1093 1183 1130 et
1224 1090 1273 1130 iu
1317 1089 1541 1142 capitibus

216 1159 314 1199 eius
343 1161 512 1211 septem
552 1159 844 1209 dyademata,
893 1160 1039 1200 eciam
1073 1159 1224 1200 cauda
1259 1160 1356 1200 eius
1385 1159 1536 1200 trahe-

214 1229 289 1269 bat
318 1229 510 1269 terciam
537 1232 723 1282 partem
754 1231 995 1271 stellarum
1028 1230 1122 1275 celi,
1156 1232 1195 1269 et
1225 1230 1352 1270 misit
1383 1242 1461 1270 eas
1491 1231 1539 1270 iu

213 1301 403 1352 terram,
449 1303 488 1340 et
531 1300 670 1340 draco
714 1301 831 1341 stetit
873 1304 976 1341 aute
1023 1300 1275 1353 mulierem,
1320 1312 1402 1353 que
1440 1304 1539 1341 erat
1641 1312 1739 1339 lnthe

162 1379 199 1413 15
208 1369 444 1421 paritura,
507 1373 555 1409 ut
605 1382 709 1410 cum
754 1371 1017 1423 peperisset,
1073 1370 1236 1422 filium
1289 1372 1538 1413 devoraret.
1558 1347 1826 1409 *lifoorfsilgpissetfsse

214 1440 386 1482 Mulier
405 1440 495 1480 ista
518 1439 688 1480 amicta
710 1441 809 1481 sole
831 1441 1012 1481 habens
1034 1441 1190 1481 lunam
1220 1442 1306 1481 sub
1332 1441 1537 1494 pedibus
1554 1417 1715 1487 51¹3}ssssss
1719 1416 1830 1478 nrrcxiosshne

216 1516 290 1552 est
328 1516 476 1551 mater
529 1510 743 1563 ecclesia,
795 1523 972 1564 sponsa
1002 1510 1186 1559 Christi,
1237 1511 1418 1552 habens
1469 1511 1537 1564 ip—
1569 1486 1806 1562 ῐῗεῗῃὲἃζξηιῖιῗζι

215 1595 316 1622 sum
353 1580 433 1635 qui
477 1586 550 1621 est
581 1581 654 1621 sol
697 1580 882 1621 iusticia
914 1582 1275 1635 amplexantem,
1330 1595 1434 1621 cum
1479 1581 1538 1621 de
1608 1557 1771 1627 t‘ssssssssssii

214 1663 394 1705 sponso
435 1649 612 1691 Cantic.
647 1650 705 1703 II,
744 1664 765 1702 5
811 1650 926 1691 dicit
969 1664 1147 1705 sponsa
1186 1651 1376 1692 Christi:
1421 1651 1542 1692 Leva

157 1740 200 1762 20
214 1722 311 1762 eius
341 1721 423 1761 sub
454 1721 599 1773 capite
629 1733 741 1774 meo,
776 1724 815 1761 et
845 1722 1004 1761 dextra
1035 1721 1160 1761 illius
1191 1721 1542 1774 amplexahatur

214 1804 298 1832 me.
332 1790 430 1831 Ista
450 1790 616 1830 mulier
636 1791 783 1831 habet
804 1791 960 1830 lunam
983 1792 1070 1832 sub
1097 1790 1315 1844 pedibus,
1352 1791 1539 1844 quando

214 1861 368 1902 omnia
409 1860 696 1914 temporalia,
751 1874 842 1915 que
888 1866 998 1901 sunt
1040 1866 1092 1901 ut
1135 1861 1244 1901 luna
1287 1860 1540 1914 mutabilia,

217 1931 453 1985 appetitui
485 1931 688 1972 ecclesie
713 1932 1082 1972 substernuntur
1111 1931 1244 1972 iuxta
1273 1931 1388 1972 illud
1410 1932 1540 1985 Apo-

218 2001 326 2043 stoli
367 2001 574 2055 Philipp.
618 2001 700 2042 III.
753 2001 924 2043 Omuia
974 2002 1296 2043 detrimentum
1349 2015 1441 2043 esse
1493 2007 1541 2041 et

159 2078 199 2112 25
217 2072 421 2112 arbitror
481 2075 530 2112 ut
579 2075 794 2124 stercora,
847 2075 896 2112 ut
952 2071 1182 2115 Christum
1231 2072 1540 2124 lucrifaciam.

215 2141 321 2182 Hec
353 2140 519 2181 mulier
549 2141 695 2181 habet
726 2140 991 2195 capitaliter
1012 2141 1265 2182 duodecim
1294 2142 1540 2195 apostolos

217 2217 265 2252 et
314 2224 477 2251 eorum
519 2224 660 2251 veros
704 2211 926 2260 vicarios;
977 2212 1067 2252 hec
1105 2211 1281 2265 mulier,
1331 2217 1384 2252 ut
1429 2211 1542 2252 dicit

215 2282 468 2333 Johannes,
512 2281 778 2335 parturiens
829 2280 1061 2322 cruciatur
1110 2287 1162 2322 ut
1210 2282 1375 2335 pariat,
1435 2282 1542 2335 quia

217 2351 391 2392 Christi
434 2351 595 2391 vicarii
641 2351 872 2404 signando
919 2350 1153 2393 Christum
1203 2351 1251 2391 in
1299 2352 1540 2392 animabus

161 2429 202 2462 30
214 2421 434 2472 fidelium,
466 2421 701 2475 utrimque
731 2422 854 2463 sicut
881 2427 1076 2475 oportet
1096 2421 1224 2462 varie
1247 2422 1540 2474 tribulantur,

217 2505 322 2532 cum
344 2491 450 2532 Act.
473 2491 606 2543 XIV,
631 2505 678 2532 21
718 2492 888 2533 dicitur
912 2505 1001 2545 per
1028 2494 1200 2534 multas
1221 2490 1542 2534 tribulacioues

216 2565 388 2615 oportet
424 2574 507 2602 uos
542 2563 719 2603 iutrare
756 2563 805 2602 iu
842 2572 1037 2616 reguum
1070 2564 1271 2603 celorum
1311 2568 1358 2602 et
1392 2562 1541 2616 prima

218 2631 322 2673 Cor.
354 2631 434 2685 IV,
474 2645 519 2683 15
559 2638 673 2685 post
709 2633 878 2673 multas
910 2633 1248 2673 tribulaciones
1286 2645 1539 2686 expressas

218 2702 332 2743 dicit
361 2701 631 2755 Apostolus
667 2704 716 2743 iu
758 2702 935 2745 Christo
967 2703 1077 2744 Jesu
1110 2716 1197 2757 per
1241 2703 1540 2756 evangelium,

289 2838 315 2867 3.
338 2838 496 2867 induemus
516 2840 599 2875 (sic);
622 2840 718 2868 Cod.:
738 2841 895 2868 minemus.
967 2849 996 2875 4.
1020 2840 1115 2869 Cod.:
1136 2840 1224 2869 Petri
1240 2839 1299 2867 IV.<
1369 2848 1411 2868 10.
1434 2839 1488 2868 AB
1509 2840 1541 2867 in

218 2892 333 2920 marg:
372 2884 487 2913 Mulier
523 2887 655 2914 ecclesia
690 2890 799 2914 sancta
838 2887 924 2914 cuius
951 2887 1057 2921 filium
1093 2894 1193 2914 araco
1236 2886 1335 2914 voluit
1371 2887 1539 2914 devorare.

220 2939 267 2965 24.
289 2939 361 2958 esse.
382 2931 500 2959 Codd.:
511 2930 590 2967 feci.
