2078 3338
270 262 353 302 27Ο
990 261 1216 292 JOHANNJS
1242 260 1429 292 WYCLIF
1692 250 1797 301 [CAP.
1819 257 1870 285 xi.

288 372 524 441 Sigeffiergxgggjs
557 365 886 417 episcoporum,
936 368 983 404 tu
1026 365 1152 404 heres
1200 365 1524 416 apostolorum,
1576 367 1622 404 tu
1662 364 1872 415 primatu

556 434 678 484 Abel,
697 434 955 485 gubernatu
976 432 1081 485 Noe,
1098 434 1421 486 patriarchatu
1440 433 1691 480 Abraham,
1715 433 1874 472 ordine

556 502 888 553 Melchisedech,
920 503 1142 554 dignitate
1171 501 1346 554 Aaron,
1385 502 1654 542 auctoritate
1683 502 1873 554 Moyses,

557 572 762 612 iudicatu
776 570 977 624 Samuel,
996 574 1214 624 potestate
1233 571 1409 624 Petrus,
1431 572 1644 611 unccione
1660 568 1873 612 Christus.

557 640 618 680 Et
650 640 881 693 sequitur:
916 639 1030 681 Sunt
1059 641 1249 692 quidam
1287 644 1326 681 et
1363 641 1447 681 alii
1478 641 1559 680 celi
1590 640 1806 681 ianitores
1836 643 1906 681 eti>

553 718 748 762 gregum
784 712 1010 763 pastores,
1053 711 1132 750 sed
1161 713 1209 750 tu
1251 713 1375 750 tanto
1402 709 1665 761 gloriosius,
1708 713 1872 760 quanto

559 779 606 818 di
604 779 855 832 fferencius
875 782 1115 830 utrumque
1130 791 1218 831 pre
1241 779 1397 819 ceteris
1417 790 1579 819 nonieu
1601 779 1875 829 hereditasti,

558 848 718 888 habent
754 847 824 887 illi
858 848 945 887 sibi
975 848 1234 899 assignatos
1259 855 1425 900 greges
1454 847 1627 899 singuli
1660 848 1876 900 singulos,

559 917 639 956 tihi
669 917 875 956 universi
906 916 1077 968 crediti,
1110 928 1228 957 unus
1256 915 1259 970 Ι
1287 917 1371 956 uni
1396 929 1476 957 nec
1496 917 1630 957 niodo
1653 917 1875 969 omnium,
1917 921 1999 953 228c

276 993 327 1055 fihee
346 993 397 1054 diod
412 996 481 1054 {³2³2}
493 999 546 1053 ias}
559 987 637 1026 sed
664 989 906 1038 pastorum
939 998 1042 1026 curn
1075 998 1193 1026 unus
1225 986 1433 1026 oninium
1459 988 1635 1038 pastor.
1688 985 1744 1025 In
1774 985 1876 1027 istis
1898 1001 1935 1022 ιο

277 1035 432 1089 timepwpas
453 1062 539 1089 such.
560 1054 788 1095 tredecim
833 1060 881 1095 et
925 1054 1023 1094 aliis
1077 1054 1485 1107 descripcionibus
1535 1054 1659 1095 foret
1709 1056 1877 1095 beatus

559 1124 862 1164 Bernhardus
906 1124 1052 1164 stulto
1096 1123 1303 1173 stulcior,
1355 1123 1394 1163 si
1438 1123 1537 1164 sine
1579 1123 1878 1164 revelacione

561 1192 809 1233 diffinitive
841 1198 1078 1232 assereret
1109 1193 1237 1245 quod
1267 1205 1392 1245 papa
1429 1192 1520 1234 sibi
1552 1197 1876 1246 contempora-

560 1275 678 1302 neus
708 1261 975 1301 huiusmodi
1007 1261 1067 1302 sit
1100 1262 1159 1301 de
1191 1261 1334 1312 fact03
1367 1260 1579 1315 sedtalis
1603 1261 1747 1303 debet
1771 1274 1877 1302 esse

562 1345 624 1372 ex
654 1330 855 1371 veritate
887 1330 1116 1384 assumpti
1147 1330 1361 1380 nominis,
1401 1330 1522 1371 sicut
1560 1335 1692 1370 erant
1722 1330 1877 1384 alique
1899 1337 1935 1370 15

560 1413 764 1454 persone
810 1398 1021 1440 eiusdem
1064 1399 1278 1450 nominis,
1332 1413 1436 1439 cum
1468 1400 1783 1453 prophetetur
1826 1413 1878 1441 se

562 1482 731 1522 gerere
776 1482 1029 1522 personam
1063 1468 1235 1509 Christi
1277 1469 1325 1508 in
1362 1468 1513 1518 terris,
1560 1469 1606 1509 in
1640 1482 1733 1523 quo
1768 1482 1878 1509 con-

563 1543 819 1592 gregantur
871 1538 1075 1578 omnium
1133 1543 1399 1578 sanctorum
1450 1543 1635 1591 patrum
1692 1538 1880 1578 laudum

562 1607 804 1661 principia,
837 1608 963 1661 quod
995 1607 1035 1647 si
1065 1607 1289 1647 mentitur
1322 1620 1383 1647 ex
1415 1606 1693 1660 obliquitate
1715 1607 1812 1648 vite
1833 1607 1881 1647 in

561 1677 768 1718 nomine:
808 1677 882 1717 Ve
919 1677 1134 1717 mendaci
1168 1676 1234 1716 illi
1274 1689 1376 1716 cum
1415 1676 1511 1717 suis
1556 1676 1880 1729 complicibus.
1899 1695 1943 1716 20

300 1753 406 1781 Christ
426 1753 451 1780 is
472 1753 521 1780 the
620 1747 696 1786 Ex
715 1746 820 1787 istis
843 1746 1013 1800 colligo
1029 1745 1193 1795 tercio,
1218 1746 1526 1786 concedendo
1544 1748 1673 1799 quod
1688 1751 1883 1799 oportet

276 1789 547 1850 noclgttgeffi1figtu,ld
562 1816 609 1857 in
633 1815 798 1856 ordine
830 1814 1117 1855 sacerdotali
1138 1821 1231 1855 tam
1255 1815 1412 1867 quoad
1434 1820 1721 1868 potestatem
1745 1829 1882 1868 quam

333 1857 493 1921 ⁶¹32]choe
564 1884 872 1925 ministerium
906 1897 1012 1925 esse
1045 1886 1233 1937 gradus,
1266 1889 1318 1923 ut
1348 1884 1582 1937 prepositi
1612 1884 1881 1934 innitantur,

565 1954 670 2007 quis
701 1953 930 2006 paracius,
967 1953 1186 1993 humilius
1220 1958 1297 1993 aut
1328 1953 1617 1994 fructuosius
1651 1953 1885 1994 ministret

566 2022 781 2072 ecclesie,
828 2027 875 2062 et
919 2022 987 2063 sic
1032 2022 1309 2062 conceditur
1352 2023 1481 2075 quod
1525 2022 1646 2063 sicut
1681 2022 1728 2062 in
1772 2024 1882 2075 lege
1900 2031 1940 2063 25

569 2092 716 2132 veteri
765 2092 1019 2144 figuratum
1073 2096 1145 2131 est
1196 2097 1289 2132 tam
1339 2104 1428 2144 per
1479 2092 1685 2144 Moysen
1746 2105 1883 2144 quam

564 2164 729 2202 Aaron
774 2166 822 2200 et
867 2166 1051 2201 ceteros
1097 2161 1423 2211 succedentes,
1467 2166 1661 2213 oportet
1700 2173 1806 2201 esse
1837 2160 1885 2200 in

564 2231 675 2285 lege
718 2243 845 2270 nova
892 2243 1033 2269 unum
1085 2229 1289 2269 omnium
1340 2228 1533 2269 aliorum
1586 2229 1884 2269 sacerdotum

566 2299 832 2352 principem
872 2298 1111 2338 dominum
1148 2297 1336 2338 Ihesum
1376 2297 1624 2348 Christum,
1669 2298 1748 2351 qui
1790 2311 1886 2338 non

566 2373 734 2422 posset
775 2367 1023 2421 patencius
1062 2368 1319 2408 ostendere
1357 2381 1487 2407 suam
1524 2367 1774 2407 stulticiam
1806 2372 1886 2407 aut
1902 2378 1946 2410 30

567 2437 703 2477 huius
736 2437 975 2491 dignitatis
1010 2437 1269 2477 carenciam
1302 2451 1439 2490 quam
1461 2437 1802 2490 promulgando
1825 2437 1884 2477 de

570 2521 621 2547 se
643 2507 750 2560 ipso
770 2506 819 2546 in
840 2507 1016 2559 populo
1039 2507 1152 2546 illud
1174 2519 1364 2554 nomem
1396 2506 1509 2546 licet
1532 2506 1654 2546 enim
1674 2505 1885 2547 Christus

569 2588 684 2628 sepe
732 2575 969 2629 expressit
1014 2581 1062 2615 et
1105 2575 1268 2628 sepius
1299 2575 1445 2615 tacuit
1477 2575 1707 2627 unigeniti
1740 2574 1885 2627 digni-

569 2650 731 2695 tatem,
777 2644 865 2684 alia
895 2650 1051 2684 tamen
1082 2644 1209 2684 racio
1242 2645 1408 2684 subest
1438 2644 1485 2684 in
1518 2644 1630 2694 aliis,
1676 2657 1779 2684 cum
1810 2657 1886 2684 ne-

572 2727 707 2755 cesse
750 2713 839 2753 fuit
881 2714 1002 2753 illam
1039 2714 1180 2753 fidem
1218 2714 1277 2753 de
1312 2713 1497 2754 Christo
1538 2714 1780 2766 detegere.
1833 2712 1887 2752 In
1903 2726 1946 2759 35.

571 2783 710 2824 nobis
749 2789 903 2822 autem
942 2788 1136 2836 oportet
1174 2795 1277 2822 cum
1322 2782 1489 2822 timore
1522 2795 1714 2835 sperare
1758 2782 1887 2835 quod

574 2852 744 2892 erimus
768 2851 939 2892 Christi
961 2853 1183 2902 membra,
1217 2852 1345 2904 quod
1369 2856 1441 2891 est
1462 2852 1602 2891 valde
1626 2851 1888 2892 continens.
