2078 3338
228 290 316 317 CAP.
337 280 406 337 xi]
625 292 684 324 DE
710 290 991 324 POTESTATE
1018 291 1148 323 PAPE.

227 397 386 438 seculo
426 401 473 437 et
503 397 608 436 lana
640 409 692 436 ac
722 396 836 436 funo
869 395 1143 436 balancium.
1189 394 1290 434 Nec
1323 392 1543 445 sandalia,

226 480 318 520 que
339 466 386 507 in
412 465 566 506 missis
589 466 800 519 prelatus
822 465 986 517 induit,
1020 464 1207 519 signant
1226 463 1545 517 precellenter

224 535 615 589 preparacionem
645 534 954 575 affeccionum
984 534 1032 574 in
1068 533 1367 587 evangelium
1398 532 1543 586 pacis,

223 611 274 646 ut
297 619 418 659 grex
440 605 682 645 ordinatus
705 610 929 657 sequatur
953 617 1058 644 eum
1080 603 1297 643 faciendo
1321 602 1544 643 similiter.

192 673 324 716 5Sed
345 680 545 728 propter
574 673 843 714 linicionem
867 686 1102 713 cesaream
1125 672 1310 725 sopitur
1333 671 1541 723 affeccio,

224 758 317 797 quo
352 745 407 784 ad
439 744 553 783 illud
577 743 781 784 officium
815 747 864 784 et
887 743 1066 782 duabus
1099 742 1187 782 viis
1218 742 1266 782 in
1288 742 1542 782 volucione

223 813 497 867 serpentina
557 813 804 854 titubando
872 812 1158 866 proceditur.
1226 811 1366 853 Mitra
1426 825 1541 852 vero

222 890 454 937 gemmata
496 897 591 924 non
634 883 790 937 signat
833 896 946 922 vere
992 882 1239 935 utriusque
1271 881 1542 922 testamenti

223 954 481 993 secundum
516 953 637 993 duos
671 952 994 993 semicirculos
1027 951 1289 1005 perfectam
1321 951 1542 992 noticiam

169 1042 207 1063 10
221 1023 522 1076 pastoralem,
557 1022 644 1062 sed
675 1023 954 1062 mundanam
985 1021 1302 1075 prudenciam,
1344 1034 1435 1074 que
1470 1026 1543 1061 est

221 1097 423 1145 terrena,
457 1091 665 1132 animalis
691 1097 737 1132 et
761 1091 1011 1145 dyabolica
1033 1091 1091 1131 ad
1111 1091 1420 1131 fraudandum
1449 1095 1541 1130 tam

220 1162 419 1216 priores,
442 1161 693 1215 preteritos
718 1175 855 1214 quam
878 1166 1147 1215 sequentes.
1172 1160 1408 1215 Cyrotece
1424 1174 1539 1200 vero

223 1245 314 1284 que
367 1231 610 1285 signarent
661 1230 958 1286 operacionis
1015 1229 1295 1270 mundiciam
1353 1230 1543 1284 signant

220 1301 475 1354 potestatis
497 1301 791 1341 velacionem
825 1305 872 1341 et
903 1299 1191 1354 sanguinosa
1224 1313 1372 1353 opera
1392 1300 1539 1352 prela-

168 1376 385 1413 15torum.
459 1370 657 1411 Pallium
723 1384 838 1411 vero
913 1369 1274 1423 archiepiscopo
1348 1370 1539 1410 novello

222 1440 467 1489 adiectum,
519 1454 615 1480 non
658 1439 815 1493 signat
857 1439 1199 1493 plenitudinem
1250 1438 1540 1479 fortitudinis

223 1515 271 1551 et
301 1510 554 1564 potestatis
602 1523 705 1550 cum
738 1509 953 1562 sciencia,
1000 1522 1105 1549 cum
1148 1508 1245 1549 vite
1285 1508 1541 1562 asperitate

221 1586 362 1634 atque
394 1580 655 1634 prudencia
687 1580 744 1620 ad
774 1579 1048 1633 regendum,
1081 1579 1167 1619 sed
1191 1584 1385 1619 econtra
1415 1578 1540 1619 forti-

220 1650 429 1691 tudinem
459 1650 661 1690 humane
689 1649 962 1703 prudencie,
995 1649 1053 1689 ad
1083 1648 1422 1690 tribulaciones
1454 1662 1540 1702 pro

165 1736 206 1760 20
220 1719 560 1774 temporalibus
585 1718 903 1760 sufferendum
928 1725 976 1759 et
996 1725 1049 1760 ut
1065 1718 1301 1773 cingulum
1319 1718 1540 1772 equinum

222 1791 279 1831 ad
312 1803 430 1831 onus
464 1789 573 1844 equi
617 1794 665 1829 et
695 1789 914 1830 mulicum
958 1789 1220 1842 prudencia
1252 1788 1400 1830 seculi
1431 1801 1537 1841 sup-

218 1860 514 1914 portandum.

101 1935 182 1971 233³
275 1931 338 1971 Et
358 1930 532 1971 utinam
547 1930 813 1970 decretales
842 1929 847 1982 1
877 1929 1094 1982 epistole,
1119 1928 1178 1969 de
1203 1928 1372 1982 quibus
1387 1927 1538 1982 primo

221 2000 543 2041 decretalium:
575 2000 650 2040 De
680 1999 931 2039 autoritate
955 2005 1002 2039 et
1024 2012 1111 2039 usu
1133 1998 1271 2051 pallii.
1302 1998 1369 2038 Ex
1389 2001 1540 2038 tenore

163 2078 202 2111 25
221 2084 324 2111 cum
354 2070 471 2110 locis
505 2069 732 2109 similibus
762 2069 1079 2109 rectificarent
1118 2081 1253 2108 usum
1285 2067 1538 2121 spiritualis

217 2140 358 2194 pallii,
404 2139 594 2180 dimisso
629 2139 783 2179 venali
820 2138 963 2192 pallio
1012 2138 1259 2192 corporali.
1304 2137 1382 2179 Sic
1417 2137 1539 2177 enim

217 2215 557 2263 pervertuntur
587 2208 875 2249 mendaciter
903 2208 1038 2262 signa
1060 2208 1388 2262 generacionis
1413 2207 1536 2247 adul-

217 2285 332 2329 tere,
378 2279 507 2332 quod
537 2279 688 2320 minus
722 2278 988 2319 accusabile
1019 2277 1158 2318 nobis
1191 2277 1316 2318 foret
1359 2282 1538 2317 tantum

220 2349 511 2389 committere
527 2354 575 2389 et
590 2348 805 2389 omittere
823 2349 881 2389 de
898 2347 1085 2402 signato
1110 2348 1210 2388 sine
1227 2347 1538 2387 accusacione

162 2426 204 2457 30
217 2418 460 2466 mendacii,
515 2432 653 2472 quam
705 2418 833 2472 quod
883 2424 1063 2459 tantum
1114 2417 1345 2458 mendacii
1389 2416 1459 2458 sit„
1491 2416 1539 2455 in

219 2488 380 2542 signis.
413 2488 501 2528 Est
525 2488 646 2528 enim
667 2487 916 2541 perversio
950 2488 1240 2541 prelatorum
1263 2486 1538 2540 simpliciter

218 2557 366 2610 signis
400 2557 641 2611 contraria,
673 2563 725 2598 ut
758 2557 991 2611 contingit
1020 2557 1068 2597 in
1098 2557 1190 2597 isto
1223 2556 1441 2596 metrico:

289 2784 312 2803 1.
351 2775 410 2803 Hic
446 2776 534 2803 locus
572 2779 739 2810 corruptus
777 2783 845 2802 esse
881 2774 1013 2802 videtur.
1069 2774 1170 2802 Codd.
1202 2774 1233 2800 in
1278 2781 1392 2808 marg:
1425 2773 1532 2801 Mitra.

220 2829 264 2849 12.
281 2820 379 2849 Codd.
395 2822 426 2848 in
443 2830 558 2856 marg.:
576 2821 733 2857 Cyrotece.
799 2820 842 2848 15.
859 2819 959 2848 Codd.
979 2820 1009 2847 in
1031 2828 1146 2855 marg:
1173 2819 1302 2846 Palium.

289 2925 341 2955 24.
368 2917 391 2958 1,
419 2916 439 2948 8
466 2917 550 2958 Cap.
569 2917 617 2956 V;
644 2917 704 2948 sed
733 2922 786 2948 est
811 2926 884 2957 cap.
911 2916 965 2948 Ex
991 2918 1149 2948 tuarum.

1330 2970 1397 3015 19*

1751 289 1826 328 291

1576 402 1643 429 The
1663 402 1807 431 Sandals.

1599 819 1667 846 The
1688 820 1786 847 Mitre.

1582 1178 1648 1206 The
1670 1179 1793 1207 Gloves.

1612 1376 1680 1404 The
1700 1377 1773 1405 Pau.

1620 1935 1711 1963 Since
1732 1944 1777 1962 we

1603 1971 1723 2004 neglect
1745 1970 1794 1998 the

1565 2005 1653 2040 thing
1674 2006 1815 2040 signified

1570 2048 1617 2067 we
1638 2040 1751 2067 should
1773 2042 1809 2068 be

1565 2076 1661 2103 better
1681 2076 1812 2102 without

1612 2112 1662 2137 the
1682 2111 1760 2145 sign.
