2078 3338
270 283 346 321 104

296 395 374 422 This
394 403 499 430 power

268 438 332 457 was
353 430 411 457 due
430 435 461 457 to
481 430 532 457 the

292 469 354 491 two
375 469 500 493 natures

313 500 344 527 in
365 499 477 528 Christ.

293 952 387 980 Some
407 959 500 987 argue

274 988 337 1014 that
358 986 427 1015 God
449 995 505 1014 can

274 1022 344 1054 give
362 1027 393 1049 to
409 1030 424 1049 a
445 1029 516 1049 man

315 1058 366 1084 the
385 1064 476 1092 grace

301 1092 360 1119 and
383 1099 490 1127 power

347 1127 416 1154 iven
437 1131 468 1153 to

353 1161 458 1189 hrist's

310 1197 483 1233 humanity.

989 279 1215 311 JOHANle
1242 278 1426 310 WYCLIF
1682 263 1790 322 [CAP.
1817 275 1867 303 vi.

552 384 654 424 Nec
684 384 776 423 hoc
807 383 932 424 verti
964 384 1108 423 debet
1140 381 1268 422 fideli
1287 382 1335 422 in
1357 382 1559 432 dubium,
1593 382 1673 435 qui
1706 381 1867 434 credit,

553 454 682 506 quod
704 453 858 493 nullus
882 452 997 493 alius
1020 458 1182 505 potest
1205 452 1532 505 idemptificari
1560 452 1869 505 personaliter

550 524 696 575 Jhesu
727 528 907 576 nostro,
948 528 996 563 et
1028 523 1156 576 quod
1193 527 1359 562 natura
1391 521 1548 562 divina
1586 535 1638 563 ac
1668 523 1869 563 humana

548 592 947 646 idemptificantur
989 592 1037 632 in
1079 605 1286 646 persona
1315 591 1410 642 filii,
1446 590 1558 632 licet
1594 592 1671 632 ille
1702 597 1867 632 nature

548 662 727 702 infinite
760 661 1119 716 distinguantur,
1164 662 1512 716 quodammodo
1555 674 1756 702 necesse
1795 667 1899 704 est5

551 731 842 772 divinitatem
888 731 1059 772 Christi
1102 732 1149 772 in
1190 731 1525 772 humanitatem
1569 731 1669 772 eius
1715 745 1777 772 ex
1819 731 1867 772 vi

549 800 735 841 unionis
787 802 1197 855 supereminenter
1251 801 1708 842 incomunicabiliter
1766 800 1865 841 aliis

548 870 770 922 personis
801 870 1010 912 influere.

607 939 709 980 Nec
742 946 852 981 sunt
884 940 1115 990 obiectus,
1154 954 1275 994 quos
1305 940 1456 994 ignari
1494 939 1704 981 obiciunt
1736 940 1867 994 digni

548 1010 782 1052 memoria.
826 1012 1049 1066 Arguunt
1081 1011 1202 1051 enim
1235 1011 1447 1064 quidam:
1494 1024 1596 1051 cum
1629 1010 1786 1064 gracia
1818 1015 1924 1051 et10

547 1084 762 1133 potestas
821 1080 928 1121 date
978 1079 1163 1121 Christo
1221 1079 1486 1120 humanitus
1544 1079 1637 1120 sint
1686 1085 1865 1120 tantum

546 1148 690 1199 finite,
737 1149 1049 1203 derogaretur
1095 1149 1276 1190 infinite
1309 1148 1467 1190 divine
1511 1149 1732 1202 potencie
1775 1148 1865 1188 nisi

545 1224 714 1272 posset
745 1219 940 1259 eandem
972 1219 1050 1259 vel
1071 1224 1247 1259 tantam
1268 1232 1451 1273 ponere
1481 1218 1528 1259 in
1552 1231 1864 1272 quocumque.

544 1288 605 1329 Et
620 1289 917 1329 confirmacio
942 1294 1016 1330 est
1031 1290 1158 1342 quod
1174 1288 1387 1330 Christus
1410 1288 1534 1329 sicut
1556 1294 1629 1329 est
1653 1287 1862 1329 eiusdem

545 1357 726 1411 speciei
775 1358 1023 1399 nobiscum
1081 1358 1148 1399 sic
1202 1365 1248 1399 et
1301 1359 1513 1412 quelibet
1577 1358 1734 1412 gracia
1784 1358 1863 1399 vel
1882 1364 1919 1397 15

543 1432 755 1481 potestas
779 1442 916 1482 quam
938 1429 1083 1469 habet
1103 1428 1384 1469 humanitus.
1419 1427 1523 1469 Stat
1544 1427 1687 1482 igitur
1708 1428 1863 1468 Deum

544 1511 606 1537 ex
658 1498 1011 1552 omnipotencia
1069 1512 1155 1539 sua
1211 1511 1386 1551 augere
1443 1504 1733 1551 potestatem
1784 1499 1862 1538 vel

542 1568 747 1620 graciam
806 1568 854 1609 in
904 1568 1064 1621 Petro,
1124 1581 1373 1622 quousque
1429 1568 1669 1622 parificata
1719 1568 1864 1608 fuerit

543 1637 758 1691 qualitati
789 1637 835 1678 in
869 1637 1071 1678 Christo.
1116 1637 1287 1678 Tercio
1321 1638 1623 1679 confirmatur
1653 1651 1741 1691 per
1770 1638 1861 1678 hoc

541 1707 668 1761 quod
711 1721 896 1748 omnem
929 1707 1202 1761 qualitatem
1245 1713 1411 1762 potest
1456 1721 1545 1762 per
1589 1721 1640 1749 se
1678 1721 1859 1762 ponere
1878 1721 1920 1743 20

542 1783 587 1817 et
607 1791 697 1831 per
718 1790 1020 1831 consequens
1039 1778 1086 1818 in
1102 1790 1402 1832 quocumque
1425 1778 1640 1819 subiecto
1659 1778 1862 1820 voluerit

541 1853 591 1888 et
613 1861 716 1888 cum
740 1848 888 1888 anima
908 1847 1040 1888 Petri
1062 1848 1121 1888 sit
1143 1853 1273 1890 tante
1308 1847 1596 1902 capacitatis,
1628 1854 1680 1889 ut
1712 1848 1861 1889 anima

541 1916 724 1971 Christi,
741 1917 875 1958 Deus
897 1922 1061 1971 potest
1082 1918 1240 1958 facere
1263 1917 1513 1971 qualitates
1535 1918 1655 1958 tales
1677 1919 1859 1971 positas

537 1987 584 2027 in
617 1987 716 2028 aliis
750 1986 992 2041 spiritibus
1014 1986 1278 2030 informare.
1311 1985 1410 2028 Sed
1432 1993 1479 2028 et
1498 1986 1627 2028 istud
1655 1994 1860 2041 arguunt

540 2070 602 2096 ex
631 2058 724 2097 hoc
756 2058 886 2110 quod
916 2058 1115 2097 verbum
1147 2057 1240 2097 Dei
1276 2062 1443 2111 potest
1474 2070 1817 2111 quamcumque
1852 2055 1916 2112 125

537 2132 747 2167 naturam
777 2128 1025 2167 humanam
1068 2139 1281 2167 seorsum
1325 2128 1404 2167 vel
1431 2126 1566 2168 simul
1597 2139 1857 2183 assumere3
1900 2127 1963 2160 186

538 2210 632 2249 quo
664 2197 788 2237 facto
819 2196 1032 2237 inessent
1076 2196 1167 2237 sibi
1197 2202 1327 2238 tanta
1356 2196 1515 2252 gracia
1562 2202 1611 2238 et
1641 2203 1857 2250 potestas

538 2266 658 2306 sicut
682 2265 896 2307 Christus
928 2267 1074 2307 habet
1103 2266 1383 2316 humanitus,
1414 2265 1563 2320 igitur
1585 2280 1680 2307 non
1702 2267 1858 2321 posita

534 2336 613 2376 illa
643 2335 817 2377 unione
837 2336 972 2376 Deus
1004 2341 1170 2390 potest
1199 2336 1399 2377 faciliter
1420 2336 1576 2377 facere
1610 2336 1856 2390 qualitates

534 2404 802 2445 huiusmodi
844 2406 1098 2446 informare
1140 2406 1377 2447 hominem
1418 2419 1516 2447 non
1553 2413 1855 2460 assumptum.
1873 2407 1914 2440 30

536 2473 634 2516 Sed
679 2474 960 2516 benedictus
1006 2475 1221 2516 dominus
1266 2476 1346 2529 qui
1395 2489 1480 2516 nos
1531 2476 1751 2518 liberavit
1796 2477 1855 2517 de

533 2544 637 2585 istis
682 2544 895 2598 arguciiS.
946 2545 1138 2586 Dictum
1183 2551 1255 2586 est
1300 2551 1454 2586 autem
1486 2546 1532 2586 in
1564 2545 1764 2587 materia
1795 2546 1854 2586 de

605 2759 632 2778 2.
660 2751 698 2778 B:
726 2754 755 2779 et
778 2752 1001 2786 personaliter.
1087 2760 1116 2788 9.
1144 2754 1172 2780 A
1197 2753 1228 2780 in
1256 2761 1372 2788 marg:
1403 2756 1426 2780 1.
1521 2761 1564 2781 12.
1587 2753 1704 2781 Codd.:
1726 2753 1849 2789 infinite.

537 2805 579 2831 14.
607 2799 636 2825 A
663 2798 693 2825 in
715 2806 831 2833 marg.:
859 2801 884 2824 2.
962 2807 1004 2834 19.
1025 2799 1053 2827 A
1074 2799 1104 2826 in
1127 2807 1241 2835 marg.:
1261 2808 1295 2834 3.

605 2893 657 2925 32.
685 2892 737 2925 Cf.
763 2894 813 2924 De
840 2894 1028 2925 Benedicta
1054 2894 1299 2927 incarnacIOn'e
1326 2905 1399 2937 cap.
1426 2895 1483 2934 XI,
1510 2905 1587 2937 pag.
1621 2897 1682 2939 189
1697 2896 1741 2938 (ἲ)
