2078 3338
222 264 311 291 cAP.
332 256 416 307 xli]
621 267 677 298 DE
704 266 984 298 POTEsTATE
1012 267 1141 298 PAPE.

215 371 537 424 professorem
549 385 558 421 ;
602 370 725 410 foret
758 370 979 423 (inquam)
1013 370 1152 423 copia
1191 372 1302 412 cleri
1334 372 1537 426 purgati,

216 444 267 480 ut
287 439 335 480 in
356 439 468 480 vitis
485 445 670 492 patrum
692 439 914 492 priorum,
941 440 1066 479 clero
1084 439 1256 480 Christi
1277 442 1536 481 secundum

216 509 314 549 eius
347 508 611 562 privilegia,
643 509 890 549 libertates
915 508 1087 549 Christi
1120 515 1168 550 et
1199 511 1391 565 regulas
1426 524 1535 551 con-

214 584 445 620 servante.
460 578 614 619 Nichil
630 579 753 619 enim
775 579 900 626 utile,
925 579 1096 619 iustum
1121 585 1260 632 atque
1275 580 1537 632 legitimum

181 653 287 688 §est
318 647 454 688 alicui
486 648 626 689 statui
659 648 863 689 ecclesie
896 648 973 688 vel
1003 649 1111 702 legi,
1146 663 1285 703 quem
1321 649 1535 690 Christus

210 716 427 768 instituit,
467 718 764 768 contrarium,
806 719 1147 772 dampniferum
1184 720 1263 759 vel
1300 720 1533 770 nocivum,

210 786 319 839 quia
341 786 408 826 sic
433 785 643 827 Christus
666 787 793 827 foret
814 787 861 827 in
892 788 1115 828 membris
1144 793 1192 828 et
1222 788 1411 841 legibus
1444 789 1533 829 sibi

207 855 300 909 ipsi
323 857 596 899 contrarius,
626 857 830 898 Dotacio
854 857 998 912 igitur
1022 858 1134 898 cleri
1157 872 1253 899 non
1275 859 1401 899 foret
1423 860 1531 912 plus

89 931 169 974 254¹¹
206 924 344 965 hodie
383 939 520 978 quam
559 932 776 979 tempore
818 926 990 968 Christi
1030 928 1262 969 contraria
1289 926 1294 983 Ι
1324 928 1529 968 dominio

155 1013 193 1033 10
208 994 420 1046 seculari,
461 1000 508 1035 et
544 996 690 1036 multo
732 995 1006 1037 evidencius
1045 1010 1141 1037 non
1177 997 1304 1038 foret
1336 1004 1524 1038 conten·

209 1063 336 1104 ciosa
375 1065 606 1105 contraria
643 1065 733 1105 sibi
769 1065 871 1118 ipsi.
924 1066 1119 1121 Regum
1161 1067 1320 1121 itaque
1361 1074 1433 1108 est
1470 1070 1528 1109 ad

206 1133 589 1185 pacificacionem
619 1134 756 1188 regni
788 1135 859 1175 sui
890 1136 1007 1176 tales
1041 1142 1196 1177 sectas
1229 1142 1276 1177 et
1306 1138 1424 1178 ritus
1447 1151 1527 1179 no-

208 1203 359 1243 vellos
411 1203 705 1259 extinguere.
761 1204 852 1244 Vel
905 1205 1040 1246 aliter
1093 1208 1333 1259 quomodo
1386 1208 1529 1248 stabit

206 1275 427 1325 regnum?
466 1273 649 1314 Domus
689 1274 811 1314 enim
849 1288 991 1328 supra
1030 1277 1218 1316 domum
1255 1277 1402 1328 cadet,
1436 1283 1528 1318 tam

151 1342 251 1383 15in
285 1343 678 1384 contencionibus
712 1357 849 1397 quarn
887 1345 1057 1399 pugnis
1091 1345 1411 1399 spiritualibus
1452 1354 1529 1388 aut

207 1412 546 1465 corporalibus,
579 1418 673 1453 tam
695 1413 820 1454 inter
842 1414 1096 1469 religiosos
1120 1429 1256 1468 quam
1279 1417 1442 1470 laycos
1476 1431 1527 1458 ac

205 1481 398 1534 mixtim,
422 1495 525 1522 cum
546 1482 704 1523 forent
724 1483 814 1523 sibi
831 1483 947 1536 ipsis
964 1484 1184 1525 contrarii
1208 1499 1270 1525 ex
1293 1500 1528 1529 consensu

204 1552 401 1605 peccati,
435 1554 561 1605 quod
597 1553 785 1593 omnino
818 1553 931 1593 facit
953 1554 1218 1595 subiectum
1246 1557 1527 1597 contrarium

204 1621 294 1661 sibi
313 1621 418 1675 ipsi.
434 1622 535 1662 Nec
552 1622 763 1663 dissonat
777 1624 864 1663 sed
881 1630 1110 1665 consonat
1124 1625 1226 1665 istis
1243 1625 1417 1666 dictum
1433 1626 1527 1667 Au-

148 1708 190 1730 20
203 1691 380 1745 gustini
401 1691 447 1731 in
471 1693 529 1731 de
544 1692 811 1732 Duodecim
828 1691 1062 1734 Gradibus
1077 1694 1376 1736 Abusionum
1398 1710 1524 1736 nono

206 1760 413 1814 capitulo
447 1762 528 1802 ubi
561 1762 686 1813 dicit,
727 1764 855 1815 quod
893 1772 1048 1816 regern
1086 1777 1176 1805 non
1207 1766 1416 1817 iniquum
1447 1768 1526 1807 sect

206 1835 505 1872 correctorem
537 1833 801 1884 iniquorum
834 1846 927 1873 esse
958 1837 1142 1886 oportet.
1175 1834 1287 1875 Inde
1318 1837 1366 1876 iii
1387 1841 1524 1877 semet

202 1901 296 1952 ipso
317 1902 587 1953 dignitatem
608 1903 682 1942 sm·
709 1903 907 1942 iiortiiriis
930 1905 1185 1954 custodiret,
1218 1918 1380 1946 nomen
1403 1907 1523 1947 enim

202 1972 325 2023 regis
366 1972 724 2012 intellectualiter
762 1974 932 2023 retinet,
976 1977 1023 2013 ut
1065 1975 1273 2016 subiectis
1315 1977 1523 2017 omnibus

145 2047 185 2079 25
201 2041 390 2081 rectoris
411 2041 614 2093 officinm
630 2046 860 2094 procuret.
893 2042 967 2082 Ex
1000 2042 1092 2083 isto
1124 2044 1263 2097 plane
1292 2045 1521 2098 sequitur:

201 2108 253 2150 Si
274 2115 404 2150 totus
428 2111 581 2151 clerus
603 2111 740 2165 regni
766 2112 911 2152 habet
942 2112 1143 2166 aliquem
1173 2127 1341 2167 regem
1374 2129 1520 2165 suum,

201 2179 346 2221 debet
377 2183 578 2222 subesse
611 2180 711 2221 eius
742 2181 971 2235 regimini,
1011 2188 1062 2222 ut
1099 2188 1233 2235 patet
1270 2197 1415 2238 super
1446 2186 1519 2236 Je-

199 2262 448 2303 ronymum
487 2248 669 2291 Omelia
706 2251 793 2293 XI.
847 2250 1209 2305 Consequenter
1251 2254 1386 2306 ponit
1429 2255 1519 2295 iste

200 2324 390 2359 sanctus
434 2320 603 2374 viginti
655 2321 769 2361 duas
813 2321 1147 2375 proprietates,
1201 2336 1291 2375 que
1345 2324 1522 2365 debent

143 2397 185 2428 30
197 2389 393 2442 regibus
418 2390 684 2432 convenire.
724 2391 940 2441 Qualiter,
962 2391 1125 2444 inquit,
1155 2394 1270 2433 alios
1292 2394 1521 2446 corrigere

192 2460 372 2510 poterit,
415 2460 491 2511 qui
525 2461 747 2513 proprios
790 2473 953 2512 mores,
1002 2473 1057 2501 ize
1099 2463 1242 2514 iniqui
1285 2463 1387 2512 sint,
1431 2476 1519 2503 uon

199 2529 401 2581 corrigit,
445 2530 661 2580 quoniam
704 2531 886 2570 iusticia
930 2532 1053 2583 regis
1089 2533 1315 2572 exaltatur
1350 2533 1517 2572 solium

270 2708 312 2735 19.
341 2699 440 2728 Codd.
480 2703 509 2728 in
544 2708 658 2736 marg:
690 2701 773 2737 Regi
802 2702 928 2729 subesse
958 2701 1046 2729 debet
1075 2702 1185 2730 clerus.
1318 2711 1366 2730 20.
1398 2702 1513 2730 Codd.:

197 2746 365 2774 abusionis.
439 2755 486 2781 24.
512 2746 611 2774 Codd.
635 2747 663 2774 in
687 2755 802 2782 marg:
824 2747 918 2784 Regis
939 2748 1137 2776 condiciones
1157 2752 1203 2776 22.

268 2839 321 2861 20.
341 2829 434 2871 Opp.
452 2836 538 2861 tom.
556 2831 613 2873 VI,
631 2831 722 2872 App.
742 2841 774 2872 p.
796 2840 872 2871 214.
971 2834 1023 2864 30.
1052 2832 1173 2863 Nonus
1192 2832 1370 2865 abusionis
1388 2833 1515 2875 gradus

197 2888 218 2919 1.
246 2898 273 2921 e.
299 2897 332 2929 p.
361 2898 436 2929 214.

1743 273 1822 310 375

1561 1077 1586 1104 It
1606 1077 1632 1103 is
1652 1077 1702 1104 the
1722 1077 1797 1111 duty

1589 1112 1623 1139 01*
1640 1112 1729 1145 kings
1749 1116 1778 1138 [ο

1554 1151 1607 1182 put
1628 1147 1720 1173 down
1742 1154 1808 1173 ncw

1605 1187 1683 1209 sects
1704 1183 1763 1209 and

1577 1218 1780 1245 ccremonics.
