2078 3338
184 292 273 321 CAP.
294 281 349 339 ΙΙ]
578 294 637 325 DE
664 291 947 325 POTESTATE
974 291 1105 323 PAPE.

183 411 400 441 vocamus
431 399 676 446 miracula,
708 402 758 437 ut
792 395 1000 436 declarat
1026 393 1324 448 Augustinus
1357 405 1501 445 super

183 469 288 520 Joh.
313 467 477 514 Omel„
512 472 559 508 et
582 467 649 507 sic
673 466 886 520 quelibet
909 470 1133 515 creatura,
1157 463 1278 503 sicut
1301 462 1501 515 quilibet

185 544 316 578 actus
350 536 540 577 creandi
570 541 737 590 potest
769 534 861 575 dici
892 534 1174 586 miraculum,
1209 532 1277 572 sic
1310 537 1359 572 et
1391 545 1501 585 que-

183 607 302 647 libet
345 606 495 646 faccio
542 619 633 659 que
670 606 778 645 Deo
826 609 899 644 est
940 602 1144 657 propria.
1194 602 1335 643 Unde
1377 602 1502 642 idem

152 684 168 717 5
186 682 314 717 esset
344 681 604 716 creaturam
638 674 892 716 vendicare
914 678 1203 726 potestatem
1224 672 1502 712 miraculose

185 759 339 800 agere,
385 751 434 786 et
476 744 730 786 vendicare
764 743 893 797 quod
935 743 996 784 sit
1027 743 1145 782 alter
1174 742 1329 791 Deus3
1376 742 1503 795 quod

185 816 318 856 Deus
368 829 462 856 non
515 820 680 868 potest
731 818 945 854 creature
998 812 1278 853 concedere.
1332 811 1502 852 Creare

186 891 341 926 autem
383 898 481 925 non
523 889 686 938 potest
719 884 853 924 Deus
898 882 1239 923 communicare
1279 887 1503 934 creature,

184 968 273 995 nec
295 954 575 995 annichilare
596 959 760 1007 potest
782 952 918 994 alicui
940 957 1225 1006 competere,
1250 957 1301 992 ut
1328 951 1504 992 dictum

134 1042 172 1063 xo
188 1031 260 1066 est
302 1025 350 1065 in
393 1024 585 1065 materia
629 1024 688 1064 de
720 1022 1080 1064 universalibus,
1133 1022 1194 1062 Et
1226 1027 1361 1075 patet
1392 1035 1503 1075 quo-

185 1095 327 1135 modo
373 1095 602 1134 debemus
644 1092 850 1134 iudicare
894 1093 1139 1133 intellectu
1173 1097 1221 1132 et
1250 1092 1344 1132 fide
1375 1091 1503 1132 mira-

188 1166 301 1205 cula.
351 1164 680 1205 Periculosum
725 1169 878 1204 autem
923 1168 996 1203 est
1037 1163 1242 1203 instante
1286 1167 1503 1215 tempore

187 1233 468 1275 Antichristi
489 1233 789 1288 magnificare
812 1233 950 1286 signa
971 1232 1221 1283 sensibilia,
1245 1245 1350 1272 cum
1372 1231 1503 1272 Anti-

188 1304 349 1344 christi
402 1303 622 1357 discipuli
672 1305 885 1344 extollunt
935 1316 982 1344 se
1032 1315 1171 1356 snper
1214 1315 1345 1343 omne
1387 1304 1507 1355 quod

137 1380 172 1413 15
187 1375 359 1414 dicitur
403 1374 542 1427 Deus,
596 1374 654 1414 de
705 1373 985 1427 principatU,
1038 1373 1097 1413 de
1148 1377 1405 1426 potestate,
1458 1378 1507 1413 et

187 1443 375 1497 virtute,
429 1457 544 1497 quas
596 1443 864 1496 Apostolus
917 1442 1030 1483 dicit
1086 1444 1372 1483 evacuandos
1423 1455 1507 1495 per

191 1513 435 1557 Christum.
485 1514 620 1554 Deus
653 1518 808 1554 autem
841 1513 899 1553 ad
929 1512 1145 1553 meritum
1181 1512 1381 1553 hominis
1412 1522 1506 1553 tam

187 1583 285 1624 vivi
317 1596 458 1637 quam
488 1582 661 1623 mortui
694 1595 811 1636 sepe
843 1582 954 1623 facit
983 1581 1218 1624 miracula.
1255 1581 1334 1622 Ad
1366 1595 1507 1635 quem

188 1666 374 1694 sensum
411 1652 581 1693 dicitur
614 1665 818 1706 corpora
848 1657 1139 1693 mortuorum
1181 1651 1341 1692 facere
1373 1652 1505 1692 mira-

130 1739 173 1762 20
188 1723 302 1775 cula,
361 1735 472 1776 ymo
530 1728 723 1763 truncos
779 1721 962 1775 lapides
1020 1727 1067 1762 et
1121 1722 1266 1763 multa
1320 1722 1508 1775 putrida

186 1793 428 1846 finguntur
470 1792 628 1832 facere
672 1791 896 1832 miracula
936 1797 1138 1845 propter
1186 1793 1378 1834 lucrum.
1427 1790 1507 1833 Sic

187 1872 341 1903 autem
374 1861 705 1915 equivocando
736 1861 784 1902 in
815 1861 1028 1902 faccione
1060 1861 1280 1913 miraculi,
1318 1861 1508 1902 videtur

187 1933 317 1985 quod
349 1945 488 1972 omne
520 1933 780 1972 membrum
813 1937 976 1972 sancte
1009 1932 1165 1972 matris
1200 1932 1415 1985 ecclesie,
1448 1917 1506 1973 de

71 2007 149 2052 167b
186 2007 362 2055 quanto
387 2001 454 2042 sic
489 2007 695 2043 meretur
717 2007 767 2042 ut
789 2003 922 2042 Deus
940 2000 943 2057 Ι
962 2008 1188 2055 operetur
1209 2002 1506 2054 miraculose,

131 2071 298 2112 25facit
339 2071 625 2123 miraculum,
677 2077 724 2112 et
767 2072 906 2125 pauci
949 2072 1120 2112 mortui
1171 2072 1251 2126 qui
1305 2077 1415 2112 sunt
1459 2071 1507 2111 in

186 2146 312 2182 statu
363 2141 575 2181 merendi
625 2141 754 2182 beati
795 2141 843 2181 in
886 2141 1049 2195 patria.
1111 2140 1185 2181 Illi
1229 2147 1384 2182 autem
1428 2142 1509 2194 qui

187 2210 350 2251 dicunt
383 2211 513 2264 quod
543 2211 676 2265 lapis,
719 2212 866 2252 herba
899 2217 947 2252 et
979 2210 1064 2251 alia
1092 2217 1256 2252 natura
1278 2225 1509 2265 corporea

184 2281 329 2321 habet
360 2280 585 2322 virtutem
615 2281 821 2321 faciendi
851 2281 1084 2332 miracula,
1116 2281 1340 2322 videntur
1370 2281 1509 2322 michi

184 2349 321 2390 nimis
355 2350 553 2391 confuse
585 2350 728 2405 loqui,
763 2351 872 2405 quia
905 2351 972 2392 sic
1005 2351 1158 2392 omnia
1189 2351 1347 2392 forent
1376 2351 1506 2391 mira-

131 2429 173 2462 30
189 2420 302 2469 cula,
351 2433 454 2460 cum
498 2434 637 2461 nemo
681 2428 852 2474 posset
893 2421 1052 2462 facere
1096 2421 1185 2461 nisi
1236 2421 1508 2462 miraculum

187 2489 345 2543 quoad
384 2490 551 2534 Deum.
599 2490 696 2531 Alii
741 2496 896 2532 autem
936 2490 1098 2531 dicunt
1143 2492 1271 2544 quod
1313 2496 1503 2545 oportet

259 2672 289 2697 4.
316 2663 345 2691 A
371 2663 401 2690 in
430 2671 543 2699 marg:
571 2666 656 2691 nota.
731 2671 759 2699 7.
786 2664 816 2691 A
841 2664 873 2691 in
900 2671 1016 2699 marg:
1044 2661 1171 2691 Creare.
1247 2671 1286 2691 11.
1315 2662 1434 2691 Codd.:
1460 2662 1508 2690 in-

187 2710 348 2737 tellectum.
423 2718 468 2745 21,
491 2718 542 2739 22.
565 2710 603 2738 132
623 2709 661 2737 Si
678 2712 790 2737 autem.

265 2816 291 2838 1.
319 2805 369 2837 Cf.
385 2805 432 2839 St.
447 2806 631 2847 Augustini
647 2806 760 2837 Serm.
780 2805 904 2836 LXXX
918 2805 969 2836 De
983 2804 1098 2836 verbis
1114 2804 1297 2847 Evangelii
1311 2805 1435 2836 Joann.
1450 2804 1507 2837 VI.

191 2862 242 2894 Cf.
270 2869 303 2894 et
328 2864 535 2895 Sermonem
564 2863 713 2894 CXXVI.
814 2872 864 2903 14.
891 2863 928 2895 ΙΙ.
948 2861 1074 2894 Thess.
1095 2863 1132 2897 ΙΙ,
1158 2872 1191 2899 4.
1292 2861 1340 2895 16.
1368 2862 1406 2893 11.
1427 2862 1508 2893 Cor.

191 2921 245 2963 III,
273 2931 302 2962 7.

1536 1182 1661 1217 Danger
1679 1181 1714 1209 of
1731 1186 1781 1209 too

1607 1217 1699 1244 much

1558 1253 1707 1279 attention
1728 1256 1758 1278 to

1578 1288 1734 1314 woudcrs.
