2078 3338
263 272 314 311 70

272 592 475 626 Chrysoslom
497 591 522 618 is

287 628 317 654 in
339 627 449 655 favour
468 628 502 654 of

312 662 354 689 lot
375 662 476 689 where

323 697 427 724 choice
448 698 473 723 is

319 732 471 759 doubtful.

980 268 1204 301 JOHANle
1231 268 1416 300 WYCLIF
1672 255 1779 312 [CAP.
1807 267 1858 293 Ν.

547 373 662 427 istis,
697 372 932 414 ordinavit
961 372 1163 427 Spiritus
1200 372 1399 415 Sanctus
1433 373 1562 426 quod
1593 378 1862 414 teneremus

549 456 636 483 nos
667 443 715 483 in
743 443 966 483 limitibus
998 443 1116 498 legis
1151 457 1246 485 sue.
1284 442 1425 484 Unde
1455 442 1591 483 istam
1623 442 1863 483 materiam

550 513 608 552 de
642 513 959 553 eleccionibus
991 512 1144 566 tangit
1174 514 1342 553 beatus
1368 512 1685 553 Crisostomus
1720 525 1864 566 super

549 582 583 623 I.
617 582 761 625 Thim.
785 582 848 622 V:
882 583 1110 635 Dignitas,
1143 582 1306 636 inquit,
1347 583 1608 635 magisterii
1639 586 1678 623 et
1707 594 1862 623 sacer-

549 655 667 694 docii
697 662 872 706 magna
905 656 967 694 est
998 657 1037 693 et
1067 654 1298 694 mirabilis
1329 656 1368 692 et
1398 665 1499 693 vere
1528 653 1754 693 sentencia
1780 651 1866 692 Dei

550 724 760 775 indigens
800 727 845 763 nt
883 736 988 763 enm
1038 724 1114 775 qni
1152 724 1319 776 dignus
1357 726 1420 763 est
1457 723 1503 762 in
1543 709 1748 762 medinm
1787 721 1864 761 cle—

548 795 694 833 ducat.
726 791 827 833 Nec
862 793 1018 833 audivi
1041 792 1159 832 alios
1181 798 1274 833 tam
1302 792 1506 843 insanos,
1541 791 1668 844 quod
1691 790 1867 831 dissen-

547 862 692 903 tirent
712 862 790 903 isti
813 862 1072 903 sentencie.
1096 861 1236 902 Unde
1254 867 1479 915 quantum
1502 862 1559 900 ad
1577 860 1866 900 eleccionem

549 932 616 972 sic
647 932 854 986 loquitur
885 932 975 973 iste
999 937 1207 972 sanctus:
1240 932 1313 973 Ita
1345 932 1593 984 antiquitus
1612 931 1769 983 flebat,
1801 931 1867 970 ita

549 1006 587 1042 et
617 1004 750 1042 modo
772 1003 845 1054 fit,
883 1015 986 1043 cnm
1018 1003 1114 1043 sine
1139 1003 1357 1055 passione
1377 1002 1587 1041 hnmana
1625 1001 1866 1041 elecciones

561 1072 774 1123 facimus,
819 1084 923 1112 cnm
957 1073 1019 1111 ad
1056 1072 1121 1111 nil
1151 1072 1238 1111 vite
1268 1072 1403 1111 lznz'ns
1432 1069 1436 1125 1
1465 1070 1745 1123 respicimus,
1778 1081 1865 1109 non

550 1144 611 1182 ad
643 1142 918 1191 amiciciam,
951 1154 1040 1181 non
1069 1143 1130 1181 ad
1162 1142 1343 1189 odz'mn,·
1374 1143 1412 1180 et
1442 1141 1483 1180 si
1514 1140 1561 1179 in
1594 1139 1867 1180 discrecione

548 1224 637 1251 non
684 1215 805 1252 tanto
847 1212 1012 1263 spiritu
1050 1211 1405 1263 participamus,
1449 1209 1620 1261 sufficit
1661 1209 1868 1249 voluntas

549 1282 665 1321 hona
712 1282 758 1321 z'n
790 1281 884 1321 Deo
917 1293 1088 1333 ponere
1119 1280 1534 1332 intronizacionem,
1580 1279 1688 1330 qnia
1730 1290 1868 1331 neqne

549 1352 744 1403 apostoli
781 1351 949 1403 spiritn
979 1351 1337 1403 participabant,
1377 1362 1480 1390 cnm
1514 1348 1740 1389 M'athiam
1779 1349 1866 1388 ele-

543 1424 723 1473 gerant,
756 1421 835 1460 sed
866 1420 1072 1461 oracioni
1092 1433 1191 1460 rem
1223 1419 1546 1460 conwnittentes
1568 1419 1611 1458 in
1634 1418 1866 1469 cathalogo

550 1491 863 1542 apostolorum
900 1490 1126 1531 Mavtlziam
1171 1491 1590 1529 annmneravernnt
1632 1500 1770 1540 neqne
1807 1488 1868 1527 ad

549 1556 837 1600 clz'leccionem
869 1560 1123 1600 humanam
1155 1559 1442 1611 aspiciebant.
1480 1557 1537 1597 Et
1564 1558 1626 1597 ita
1664 1558 1710 1596 in
1742 1557 1869 1597 omni

549 1630 760 1669 eleccione
779 1629 894 1680 fieri
923 1632 1156 1682 oporteret,
1190 1629 1265 1668 ubi
1292 1629 1498 1668 electores
1525 1630 1629 1667 sunt
1662 1627 1868 1679 ambigui

548 1700 648 1752 quis
702 1702 764 1739 est
818 1699 1012 1739 habilior
1061 1699 1188 1752 apud
1243 1698 1404 1738 Deum.
1466 1696 1669 1737 Videtur
1728 1695 1897 1736 michi2

550 1769 679 1821 quod
723 1768 901 1808 debent
962 1768 1111 1808 instar
1170 1768 1493 1821 apostolorum
1553 1772 1706 1807 sortes
1768 1765 1866 1805 mit-

549 1844 663 1891 tere,
718 1839 892 1878 devote
944 1838 1278 1878 committendo
1325 1837 1417 1877 sibi
1460 1836 1692 1886 iudicium,
1746 1835 1867 1875 sicut

551 1908 663 1948 dicit
704 1908 795 1948 iste
840 1913 1042 1959 sanctus,
1089 1907 1196 1961 quia
1246 1921 1383 1947 nemo
1438 1906 1660 1947 diffiniret
1706 1910 1867 1945 contra

551 1977 751 2018 divinam
785 1978 1073 2019 sentenciam
1105 1991 1193 2017 nec
1224 1978 1272 2017 in
1309 1977 1503 2017 materia
1544 1975 1776 2028 ambigua,
1819 1975 1866 2015 in

550 2063 641 2101 qua
696 2061 792 2087 non
848 2047 1065 2088 habuerit
1120 2047 1356 2087 racionem
1407 2047 1677 2098 naturalem,
1734 2044 1897 2085 testi-2

549 2117 753 2157 monium
806 2117 1039 2170 scripture
1091 2118 1168 2157 vel
1218 2116 1578 2157 revelacionem.
1639 2115 1740 2155 Nec
1794 2120 1866 2156 est

549 2187 722 2227 factum
765 2187 1104 2240 apostolorum,
1150 2201 1176 2227 a
1206 2187 1314 2227 Deo
1348 2192 1440 2226 tam
1473 2187 1638 2226 crebro
1678 2184 1724 2224 in
1754 2185 1864 2238 lege

549 2256 703 2296 veteri
736 2257 1066 2309 exemplatum,
1100 2255 1249 2309 magis
1273 2254 1572 2295 cerimoniale
1594 2254 1673 2294 vel
1703 2267 1864 2307 repro-

549 2327 767 2376 bandum,
813 2340 949 2379 quam
980 2327 1115 2379 leges
1147 2325 1351 2379 gentiles
1383 2325 1430 2365 in
1463 2324 1665 2365 ecclesia
1700 2323 1866 2364 minori

1888 1014 1925 1034 10

1910 1073 1988 1116 178⁵

1888 1353 1923 1385 15

549 2396 828 2436 auctoritate
859 2397 936 2435 vel
968 2395 1213 2436 evidencia
1241 2395 1525 2435 introducte.
1556 2394 1672 2434 Ideo
1703 2406 1864 2434 secun·
1881 2398 1922 2430 30

621 2656 648 2683 7.
671 2647 692 2674 B
707 2647 737 2675 in
755 2655 869 2683 marg:
891 2647 982 2675 Nota.
1060 2656 1097 2674 11.
1121 2647 1237 2674 Codd.:
1260 2646 1464 2682 respicientes,
1542 2645 1583 2673 15.
1602 2646 1640 2672 B:
1658 2645 1863 2681 participant.

555 2702 596 2730 17.
619 2695 734 2722 Codd.:
763 2702 828 2722 cum
854 2693 1014 2721 Matlziam.
1092 2703 1134 2729 ¹9·
1158 2693 1275 2721 Codd.:
1299 2692 1379 2727 fieri
1401 2695 1561 2728 oporteret
1585 2691 1678 2719 deest.
1710 2691 1829 2719 Addidi
1849 2701 1863 2718 e

550 2745 632 2768 textu
655 2740 883 2776 chrysostomi.

620 2848 652 2878 4.
679 2837 714 2868 In
742 2838 850 2878 Epist.
879 2837 889 2868 1
922 2837 963 2867 ad
992 2836 1146 2869 Timoth.
1174 2847 1246 2878 cap.
1275 2837 1298 2880 Ι,
1325 2836 1428 2867 Hom.
1458 2836 1485 2867 V
1514 2833 1671 2879 (Migne)‚
1699 2841 1782 2867 torn.
1808 2834 1862 2877 XI,

552 2905 688 2936 p.323.
