2078 3338
236 276 317 324 308
958 281 1183 313 JOHANNIS
1210 281 1395 313 WYCLIF
1666 267 1771 325 [CAP.
1787 278 1837 305 x1.

529 386 698 440 quitur,
738 399 842 426 cum
877 385 1003 426 racio
1037 384 1324 426 diversitatis
1363 384 1424 425 sit
1459 384 1839 426 necessarioritas

280 454 502 517 ycssgfflgfffuses
526 455 752 510 baptismi
773 469 914 509 supra
937 455 1022 496 alia
1043 460 1343 497 sacramenta.
1377 454 1714 495 Verumtamen
1736 456 1840 495 sub-

239 524 729 587 {³1¹}’5‘gssssssffisisst1203tilian‘teS
772 525 821 566 in
857 525 951 566 Dei
994 525 1218 579 potencia
1256 525 1472 565 absoluta
1509 524 1670 565 dicunt
1713 524 1842 578 quod

280 594 460 656 tflssgssndtflssi‘g·
524 595 646 637 sicut
667 596 799 636 Deus
821 601 985 649 potest
1017 595 1360 636 communicare
1392 595 1564 635 nedum
1594 595 1731 648 layco
1756 594 1842 634 sed

522 664 696 706 femine
742 678 794 706 ac
839 664 912 705 alii
954 664 1218 706 irracionali
1259 664 1528 718 potenciam
1567 663 1874 704 conficiendi5

523 748 576 775 ac
598 734 889 775 ministrandi
912 734 1125 787 quelibet
1147 739 1448 785 sacramenta,
1482 734 1549 774 sic
1582 738 1629 774 et
1656 732 1661 789 l
1688 733 1842 787 ipsum
1882 737 1964 771 238a

522 810 688 859 potest
738 804 1001 846 ministrare
1051 804 1321 846 huiusmodi
1379 809 1678 845 sacramenta.
1739 802 1841 844 Nec

523 875 667 915 credo
708 875 837 928 quod
881 873 1047 928 aliquis
1084 873 1383 928 impugnabit
1418 874 1547 914 illum
1586 873 1841 923 articulum,

526 943 634 997 quia
667 956 771 984 curn
792 944 938 984 multa
961 944 1175 984 absolute
1199 948 1308 984 sunt
1328 942 1608 994 necessaria,
1642 955 1734 996 que
1768 946 1843 982 est

521 1013 745 1054 inefficax
786 1013 968 1067 populo
1012 1013 1278 1067 predicare3
1325 1017 1374 1053 et
1417 1025 1586 1066 grosse
1627 1011 1901 1065 procedoto

521 1082 571 1123 in
601 1082 692 1124 ista
723 1082 918 1123 materia
947 1081 1143 1123 limitate
1173 1081 1416 1135 loquendo
1451 1082 1510 1122 de
1532 1094 1680 1135 posse
1702 1080 1844 1135 legali

524 1157 572 1194 et
601 1152 695 1193 Dei
724 1152 949 1206 potencia
979 1152 1202 1203 ordinata,
1230 1152 1338 1192 ideo
1363 1151 1545 1192 dimitto
1569 1150 1842 1192 scrutinium

523 1222 682 1263 talium
706 1222 1059 1263 conclusionum
1092 1222 1326 1276 detegens
1356 1221 1624 1262 sentencias
1657 1220 1841 1262 catholi-

526 1306 618 1343 cas,
651 1305 767 1346 quas
801 1292 945 1333 credo
977 1293 1212 1346 prodesse
1246 1291 1459 1334 ecclesie.

263 1360 327 1400 L'ay
346 1359 482 1395 baptism
582 1362 786 1403 Videtur
828 1362 973 1416 igitur
1003 1362 1143 1403 michi
1175 1363 1303 1416 quod
1344 1361 1458 1402 licet
1491 1366 1538 1402 et
1570 1360 1766 1415 expedit
1795 1360 1844 1401 in
1862 1366 1900 1399 15

280 1404 307 1423 IS
327 1395 457 1422 allowed

260 1429 488 1501 itgerissgessesi‘igq
527 1445 638 1472 casu
667 1432 806 1486 layco
827 1431 1081 1485 baptizare,
1116 1437 1163 1472 et
1195 1444 1299 1471 cum
1329 1444 1424 1471 non
1457 1430 1518 1472 sit
1549 1431 1607 1471 de
1638 1430 1844 1471 necessi-

281 1501 472 1563 sacssffifmts
526 1506 624 1542 tate
669 1500 831 1542 salutis
880 1500 1217 1554 cuiuscumque
1267 1500 1580 1554 predestinati
1628 1500 1844 1554 recipere

287 1570 464 1640 nssssslsegjy·
529 1571 837 1625 corporaliter
869 1570 955 1611 alia
987 1575 1290 1622 sacramenta,
1328 1570 1516 1611 videtur
1548 1570 1687 1611 michi
1719 1570 1845 1624 quod

524 1655 621 1682 non
644 1641 787 1682 debet
817 1654 1095 1695 presumere
1127 1640 1390 1682 ministrare
1424 1640 1510 1681 alia
1541 1646 1843 1692 sacramenta,

527 1716 575 1752 et
620 1711 689 1752 sic
719 1711 991 1752 reservacio
1024 1725 1077 1752 ac
1119 1710 1365 1752 restriccio
1397 1710 1649 1764 potestatis
1681 1715 1845 1764 potest
1862 1726 1903 1748 20

524 1787 618 1822 tam
648 1782 773 1822 bene
803 1795 941 1835 quam
976 1781 1096 1822 male
1127 1781 1242 1834 fieri,
1276 1781 1398 1822 sicut
1424 1794 1534 1821 reus
1556 1786 1721 1835 potest
1750 1786 1845 1821 tam

527 1851 670 1892 stulte
703 1865 841 1905 quam
872 1852 952 1906 pie
991 1851 1119 1892 adire
1151 1851 1421 1892 Romanum
1450 1850 1725 1905 pontificem
1756 1864 1844 1904 pro

527 1920 849 1962 absolucionis
880 1921 1117 1962 beneficio
1152 1921 1424 1962 obtinendo.
1470 1921 1532 1961 Et
1563 1921 1708 1961 debet
1739 1934 1844 1974 sup-

525 1990 651 2044 poni,
695 1990 824 2044 quod
854 1991 1110 2044 utrobique
1141 1993 1279 2042 bene,
1322 1990 1412 2031 nisi
1456 1990 1517 2031 sit
1547 1996 1716 2044 patens
1750 1989 1844 2030 evi-

528 2060 694 2102 dencia
738 2061 1068 2103 contradicens
1121 2066 1169 2101 et
1213 2060 1482 2115 specialiter
1527 2060 1750 2114 superbia
1793 2072 1846 2100 ac
1865 2067 1903 2099 25

528 2130 729 2171 avaricia
778 2130 949 2184 prelati
1008 2136 1055 2171 et
1111 2130 1295 2171 omnino
1352 2129 1586 2184 utrimque
1643 2142 1846 2183 prepon-

258 2210 310 2238 th
333 2210 379 2237 sin
401 2208 497 2236 isthe
530 2199 747 2241 derancia
789 2200 1079 2242 sacramenti.
1131 2199 1335 2241 Videtur
1388 2199 1508 2240 enim
1561 2200 1689 2253 quod
1739 2200 1848 2253 plus

309 2248 411 2280 greate
419 2249 446 2271 st

273 2279 481 2342 nffffiits‘icrffiiiss
532 2271 727 2311 obesset
747 2270 1108 2311 monstruositas
1132 2269 1320 2324 peccati
1341 2269 1388 2310 in
1409 2269 1619 2323 prescito
1642 2269 1847 2310 masculo

329 2351 360 2397 qt
378 2349 430 2376 the
531 2340 586 2380 ad
618 2339 943 2393 recipiendum
974 2340 1052 2380 vel
1090 2339 1445 2380 ministrandum
1474 2338 1705 2394 legittime
1738 2352 1847 2392 que-

277 2388 479 2412 memments.
529 2409 648 2450 libet
679 2414 969 2450 sacramenta
992 2423 1129 2463 quam
1151 2410 1276 2451 foret
1299 2415 1727 2464 quantumcumque
1751 2421 1846 2449 cor·
1866 2415 1907 2448 30

529 2480 706 2534 poralis
757 2480 1119 2521 monstruositas
1172 2481 1252 2521 vel
1305 2479 1552 2521 distinccio
1605 2491 1750 2519 sexus
1801 2477 1849 2518 in

529 2549 703 2590 femina
732 2549 1057 2604 predestinata
1089 2555 1139 2591 et
1159 2549 1416 2591 virtutibus
1448 2552 1713 2603 perornata,
1746 2546 1848 2587 sive

531 2620 589 2660 ad
609 2619 934 2674 recipiendum
962 2620 1063 2661 sive
1086 2620 1440 2661 ministrandum
1463 2619 1677 2673 quelibet
1698 2630 1848 2658 sacra-

530 2695 700 2742 menta,
752 2696 801 2731 et
850 2695 1008 2731 tamen
1057 2690 1105 2732 in
1155 2704 1327 2745 penam
1378 2689 1565 2744 peccati
1614 2687 1747 2729 multi
1790 2687 1848 2727 de

604 2873 648 2901 15.
671 2873 692 2899 Β
713 2873 744 2899 in
766 2880 879 2908 marg:
907 2872 1075 2908 Baptz'zczre
1099 2872 1127 2899 si
1146 2875 1236 2908 potes
1262 2873 1371 2900 laicus.
1448 2880 1495 2907 27.
1521 2873 1549 2899 Α
1576 2872 1605 2898 in
1633 2878 1746 2905 marg:
1771 2870 1850 2897 Cave

531 2919 675 2946 heresim.
