2078 3338
192 261 281 289 CAP.
308 251 377 308 ni]
587 264 645 295 DE
674 263 955 295 POTESTATE
985 264 1112 296 PAPE.
1747 268 1797 307 47

191 375 239 410 et
282 369 383 409 sine
426 367 691 408 huiusmodi
723 367 1049 421 repugnancia
1081 368 1238 421 quoad
1277 368 1412 408 aliam
1445 382 1509 408 ra·

191 439 375 480 cionem
420 438 602 478 amandi
645 437 816 478 Petrus
860 438 967 490 plus
1012 437 1102 478 hiis
1148 438 1351 491 diligens
1403 439 1510 491 plus

191 508 360 549 dilexit
384 508 619 549 Christum
641 513 782 560 atque
817 507 1068 547 ecclesiam
1091 521 1228 560 quam
1250 507 1510 558 Johannes;

191 584 236 620 et
256 577 689 632 proporcionaliter
712 583 845 617 erant
873 590 898 617 a
916 590 1096 630 sponso
1122 577 1326 618 ecclesie
1353 577 1510 617 reada-

158 649 319 697 §mati3
364 648 555 688 racione
600 647 734 688 cuius
766 647 1005 698 Johannes
1051 653 1144 687 tam
1184 649 1352 687 crebro
1387 646 1512 696 dicit,

190 732 285 759 non
318 719 447 772 quod
473 718 614 769 Jesus
647 731 752 757 eum
784 716 985 757 maxime
1020 716 1264 769 diligebat,
1298 722 1350 757 ut
1379 721 1514 769 patet

189 789 292 840 Joh.
324 788 465 839 XIX,
497 787 600 828 XX
634 793 682 828 et
712 786 853 838 XXI,
892 787 978 826 sed
1010 787 1139 839 quod
1172 800 1276 826 eum
1309 782 1513 840 quodam

192 857 362 898 amoris
393 857 646 911 privilegio
680 857 910 910 precipue
945 856 1185 910 diligebat.

249 928 324 967 Ex
355 928 445 968 ista
474 940 620 981 ranga
650 932 814 980 potest
846 927 952 980 pius
984 927 1241 979 theologus
1279 932 1514 979 tamquam
1530 936 1633 964 Peters
1655 937 1796 976 primacy

138 1015 176 1036 10
190 998 497 1038 fundamento
538 996 765 1050 colligere
812 997 942 1049 quod
973 996 1144 1036 Petrus
1176 996 1340 1036 habuit
1371 972 1802 1049 quen-gssffgzfirrssfftsstgtm

192 1068 296 1107 dam
318 1067 569 1120 primatum
593 1066 859 1120 apostolice
883 1065 1138 1119 dignitatis,
1172 1066 1382 1106 secundo
1407 1079 1514 1105 con-
1575 1041 1747 1077 scnpture.

190 1138 400 1177 firmatur
431 1136 556 1176 idem
590 1150 651 1176 ex
684 1136 805 1176 serie
829 1137 1083 1176 verborum
1118 1148 1250 1175 sacre
1283 1135 1516 1188 scripture

193 1212 241 1246 et
293 1206 601 1260 prerogativa
654 1219 741 1259 pre
795 1206 967 1247 ceteris
1020 1205 1127 1246 data
1179 1205 1339 1246 Petro.
1398 1205 1516 1246 Nam

189 1276 335 1318 Math.
381 1276 444 1328 X,
490 1291 511 1317 2
560 1276 627 1316 sic
674 1276 864 1316 dicitur:
909 1276 1161 1317 Duodecim
1201 1277 1514 1329 apostolorum

138 1354 173 1386 15
190 1348 382 1387 uomina
403 1350 509 1387 sunt
529 1346 833 1387 hee-Primus
848 1345 1033 1398 Symeon,
1056 1347 1134 1398 qui
1154 1346 1324 1386 dieitur
1339 1346 1514 1398 Petrus,

193 1420 231 1457 et
272 1416 489 1457 Andreas
519 1416 680 1469 frater
724 1418 831 1457 eius.
885 1415 1002 1456 Cum
1053 1420 1209 1455 autem
1258 1427 1351 1455 nec
1396 1416 1514 1456 ordo

191 1487 447 1526 verborum
479 1499 568 1526 nec
601 1486 765 1526 sillaba
795 1486 842 1526 in
873 1485 1106 1538 scriptura
1142 1490 1358 1538 ponatur,
1403 1485 1516 1539 quin

194 1556 255 1597 sit
294 1556 467 1597 omissa
512 1556 765 1607 sentencia,
816 1555 930 1609 quid
966 1554 1292 1608 pertinencius
1328 1555 1516 1595 daretur

192 1626 406 1681 intelligi,
431 1626 560 1679 quod
582 1625 756 1667 Petrus
782 1625 951 1666 dicitur
972 1625 1151 1679 primus
1176 1625 1514 1679 apostolorum,

136 1712 178 1734 20
192 1697 283 1737 nisi
315 1697 444 1750 quod
474 1696 580 1750 ipse
613 1696 914 1750 singulariter
956 1702 1090 1738 tenet
1120 1697 1372 1750 primatum
1406 1711 1514 1751 apo-

194 1766 361 1807 stolice
385 1766 642 1821 dignitatis,
668 1780 773 1807 curn
794 1766 1057 1806 vocacione
1080 1767 1298 1808 Andreas
1321 1767 1516 1809 Petrum

192 1837 491 1890 precesserit,
536 1842 590 1877 ut
631 1842 765 1890 patet
806 1836 910 1888 Joh.
943 1836 976 1877 I.
1028 1836 1136 1877 Non
1174 1837 1321 1891 igitur
1361 1852 1422 1878 ex
1453 1838 1515 1878 in-

194 1906 467 1947 differencia
510 1907 764 1960 preposuit
803 1906 1017 1948 Christus
1050 1906 1244 1947 Petrum
1287 1908 1335 1948 in
1379 1922 1516 1948 voca-

195 1976 350 2028 cione3
380 1976 546 2030 tercio,
580 1983 632 2017 ut
662 1983 795 2030 patet
820 1977 962 2018 Math.
985 1977 1037 2018 X
1070 1983 1118 2018 et
1139 1977 1268 2018 Luce
1290 1977 1372 2030 VI,
1404 1992 1514 2032 ymo

137 2053 176 2085 25
195 2046 503 2087 communiter
536 2048 916 2087 connumerando
948 2049 1194 2100 apostolos
1216 2048 1390 2088 Petrus
1412 2061 1516 2101 pre-

193 2116 386 2170 ponitur
418 2118 476 2157 ab
513 2130 584 2164 eo,
618 2117 698 2170 qui
730 2118 844 2158 dixit
876 2121 914 2158 et
933 2117 1071 2170 facta
1101 2121 1217 2159 suut.

254 2186 490 2239 Quantum
513 2188 570 2227 ad
592 2187 845 2241 privilegia
874 2186 1117 2241 dignitatis
1152 2187 1353 2228 ecclesie
1375 2188 1517 2230 Math.

194 2256 330 2308 XVI,
371 2260 534 2310 18—19
579 2263 694 2310 post
737 2257 1086 2298 confessionem
1130 2257 1262 2298 Petri
1306 2258 1364 2297 de
1407 2257 1515 2298 filia-

198 2326 333 2366 cione
367 2326 539 2367 Christi
581 2327 791 2379 naturali,
833 2327 1084 2381 respondit
1116 2326 1340 2379 Christus,
1385 2328 1517 2381 quasi

140 2403 182 2434 30
196 2409 284 2449 pro
319 2396 431 2436 arris
462 2397 695 2438 mercedis
726 2397 853 2439 fidei:
890 2397 946 2438 Et
978 2407 1056 2451 ego
1089 2399 1187 2438 dico
1219 2399 1299 2438 tibi
1329 2399 1439 2450 quia
1468 2402 1516 2438 tii

197 2479 243 2506 es
263 2465 438 2515 Petrus,
462 2470 501 2507 et
527 2480 668 2520 super
688 2468 805 2508 hanc
819 2471 1006 2521 petram
1041 2468 1257 2519 edificabo
1280 2469 1516 2509 ecclesiam

196 2549 351 2578 meam
396 2540 435 2577 et
471 2541 604 2589 porte
648 2537 789 2590 inferi
832 2551 922 2578 non
960 2539 1260 2590 prevalebunt
1296 2539 1518 2579 adversus

198 2619 314 2659 eam,
359 2611 397 2647 et
439 2608 517 2648 tihi
555 2609 669 2648 dabo
709 2610 856 2649 claves
886 2609 1018 2661 regni
1051 2610 1265 2657 celorum,
1310 2612 1348 2649 et
1378 2609 1516 2660 quod-

84 2685 160 2724 172e
197 2689 366 2729 cunque
396 2678 616 2730 ligaveris
645 2691 784 2732 super
814 2682 991 2719 terram
1020 2676 1025 2733 1
1053 2679 1138 2719 erit
1167 2679 1365 2731 ligatum
1399 2682 1439 2718 et
1468 2679 1517 2718 in

269 2821 297 2849 9.
320 2821 443 2849 ranga;
469 2814 508 2843 cf.
537 2814 582 2841 De
601 2814 738 2842 Veritate
769 2815 801 2843 S.
830 2815 1011 2850 Scripturae
1031 2823 1060 2851 p.
1091 2823 1147 2849 124
1166 2815 1184 2843 l.
1211 2823 1240 2849 4.
1262 2814 1289 2842 It
1309 2822 1409 2842 seems
1429 2818 1459 2841 to
1482 2814 1517 2841 be

198 2861 287 2887 taken
308 2861 390 2888 from
405 2860 529 2896 English
546 2869 639 2894 range
659 2870 694 2888 or
709 2863 785 2889 rank
801 2862 980 2897 (Matthcxv).
1054 2870 1100 2896 21⁷·
1124 2861 1217 2889 Cod.:
1240 2862 1339 2889 tercia
1427 2869 1473 2897 27.
1489 2863 1517 2888 A

200 2907 230 2934 in
252 2915 368 2942 marg:
390 2907 482 2934 Petra
506 2908 658 2943 Christus,
678 2916 739 2936 non
760 2911 881 2936 Petrus.
