<?xml version="1.0" encoding="UTF-8"?>
<!DOCTYPE html PUBLIC "-//W3C//DTD XHTML 1.0 Transitional//EN"
    "http://www.w3.org/TR/xhtml1/DTD/xhtml1-transitional.dtd">
<html xmlns="http://www.w3.org/1999/xhtml" xml:lang="en" lang="en">
 <head>
  <title>
</title>
<meta http-equiv="Content-Type" content="text/html;charset=utf-8" />
  <meta name='ocr-system' content='tesseract 3.04.00' />
  <meta name='ocr-capabilities' content='ocr_page ocr_carea ocr_par ocr_line ocrx_word'/>
</head>
<body>
  <div class='ocr_page' id='page_1' title='image "./tractatusdepotes00wycl_0081.png"; bbox 0 0 2078 3338; ppageno 0'>
   <div class='ocr_carea' id='block_1_1' title="bbox 206 282 1808 341">
    <p class='ocr_par' dir='ltr' id='par_1_1' title="bbox 206 282 1808 341">
     <span class='ocr_line' id='line_1_1' title="bbox 206 282 1808 341; baseline 0.005 -20"><span class='ocrx_word' id='word_1_1' title='bbox 206 292 296 321; x_wconf 75' lang='lat' dir='ltr'><strong>CAP.</strong></span> <span class='ocrx_word' id='word_1_2' title='bbox 316 282 355 339; x_wconf 80' lang='lat' dir='ltr'>L]</span> <span class='ocrx_word' id='word_1_3' title='bbox 600 296 658 328; x_wconf 85' lang='lat' dir='ltr'>DE</span> <span class='ocrx_word' id='word_1_4' title='bbox 687 295 966 327; x_wconf 79' lang='lat' dir='ltr'>POTESTATE</span> <span class='ocrx_word' id='word_1_5' title='bbox 993 297 1126 327; x_wconf 85' lang='lat' dir='ltr'><strong>PAPE.</strong></span> <span class='ocrx_word' id='word_1_6' title='bbox 1761 305 1773 329; x_wconf 92' lang='lat'>1</span> <span class='ocrx_word' id='word_1_7' title='bbox 1784 305 1808 341; x_wconf 82' lang='lat'><strong>9</strong></span> 
     </span>
    </p>
   </div>
   <div class='ocr_carea' id='block_1_2' title="bbox 80 399 1766 2548">
    <p class='ocr_par' dir='ltr' id='par_1_2' title="bbox 200 399 1522 663">
     <span class='ocr_line' id='line_1_2' title="bbox 203 399 1522 454; baseline 0.002 -15"><span class='ocrx_word' id='word_1_8' title='bbox 203 400 311 440; x_wconf 90' lang='lat' dir='ltr'>ideo</span> <span class='ocrx_word' id='word_1_9' title='bbox 342 400 493 440; x_wconf 90' lang='lat' dir='ltr'>voluit</span> <span class='ocrx_word' id='word_1_10' title='bbox 525 399 695 439; x_wconf 79' lang='lat' dir='ltr'><strong>emisse</strong></span> <span class='ocrx_word' id='word_1_11' title='bbox 726 404 1015 453; x_wconf 89' lang='lat' dir='ltr'>potestatem</span> <span class='ocrx_word' id='word_1_12' title='bbox 1046 400 1261 453; x_wconf 78' lang='lat' dir='ltr'>pecunia,</span> <span class='ocrx_word' id='word_1_13' title='bbox 1307 407 1356 440; x_wconf 84' lang='lat' dir='ltr'>ut</span> <span class='ocrx_word' id='word_1_14' title='bbox 1387 408 1522 454; x_wconf 84' lang='lat' dir='ltr'>patet</span> 
     </span>
     <span class='ocr_line' id='line_1_3' title="bbox 202 468 1520 523; baseline 0.002 -14"><span class='ocrx_word' id='word_1_15' title='bbox 202 470 410 509; x_wconf 88' lang='lat' dir='ltr'>Actuum</span> <span class='ocrx_word' id='word_1_16' title='bbox 441 469 571 510; x_wconf 89' lang='lat' dir='ltr'>VIII.</span> <span class='ocrx_word' id='word_1_17' title='bbox 624 468 722 510; x_wconf 86' lang='lat' dir='ltr'>Sed</span> <span class='ocrx_word' id='word_1_18' title='bbox 764 469 914 509; x_wconf 79' lang='lat' dir='ltr'>nostri</span> <span class='ocrx_word' id='word_1_19' title='bbox 957 470 1190 523; x_wconf 80' lang='lat' dir='ltr'>prepositi</span> <span class='ocrx_word' id='word_1_20' title='bbox 1234 470 1431 523; x_wconf 87' lang='lat' dir='ltr'>quietati</span> <span class='ocrx_word' id='word_1_21' title='bbox 1473 471 1520 511; x_wconf 91' lang='lat' dir='ltr'>in</span> 
     </span>
     <span class='ocr_line' id='line_1_4' title="bbox 204 538 1522 593; baseline 0.002 -15"><span class='ocrx_word' id='word_1_22' title='bbox 204 539 380 579; x_wconf 89' lang='lat' dir='ltr'>cortice</span> <span class='ocrx_word' id='word_1_23' title='bbox 426 538 679 593; x_wconf 85' lang='lat' dir='ltr'>signorum,</span> <span class='ocrx_word' id='word_1_24' title='bbox 724 540 878 580; x_wconf 90' lang='lat' dir='ltr'>solum</span> <span class='ocrx_word' id='word_1_25' title='bbox 921 545 1179 592; x_wconf 80' lang='lat' dir='ltr'>querentes</span> <span class='ocrx_word' id='word_1_26' title='bbox 1213 540 1440 580; x_wconf 83' lang='lat' dir='ltr'>honorem</span> <span class='ocrx_word' id='word_1_27' title='bbox 1473 546 1522 581; x_wconf 87' lang='lat' dir='ltr'>et</span> 
     </span>
     <span class='ocr_line' id='line_1_5' title="bbox 200 608 1522 663; baseline 0.002 -15"><span class='ocrx_word' id='word_1_28' title='bbox 200 608 381 648; x_wconf 89' lang='lat' dir='ltr'>lucrum</span> <span class='ocrx_word' id='word_1_29' title='bbox 414 609 575 662; x_wconf 88' lang='lat' dir='ltr'>seculi,</span> <span class='ocrx_word' id='word_1_30' title='bbox 615 615 724 649; x_wconf 89' lang='lat' dir='ltr'>sunt</span> <span class='ocrx_word' id='word_1_31' title='bbox 756 608 975 649; x_wconf 81' lang='lat' dir='ltr'>odibilius</span> <span class='ocrx_word' id='word_1_32' title='bbox 1007 609 1115 649; x_wconf 88' lang='lat' dir='ltr'>Deo</span> <span class='ocrx_word' id='word_1_33' title='bbox 1149 609 1429 663; x_wconf 88' lang='lat' dir='ltr'>symoniaci;</span> <span class='ocrx_word' id='word_1_34' title='bbox 1475 616 1522 650; x_wconf 88' lang='lat' dir='ltr'>et</span> 
     </span>
    </p>

    <p class='ocr_par' dir='ltr' id='par_1_3' title="bbox 169 678 1522 998">
     <span class='ocr_line' id='line_1_6' title="bbox 169 678 1520 732; baseline -0.001 -11"><span class='ocrx_word' id='word_1_35' title='bbox 169 688 185 721; x_wconf 81' lang='lat'><strong>5</strong></span> <span class='ocrx_word' id='word_1_36' title='bbox 202 678 270 718; x_wconf 87' lang='lat' dir='ltr'>sic</span> <span class='ocrx_word' id='word_1_37' title='bbox 293 678 582 730; x_wconf 76' lang='lat' dir='ltr'>conceditur,</span> <span class='ocrx_word' id='word_1_38' title='bbox 606 684 656 719; x_wconf 89' lang='lat' dir='ltr'>ut</span> <span class='ocrx_word' id='word_1_39' title='bbox 677 679 885 731; x_wconf 80' lang='lat' dir='ltr'>tangitur</span> <span class='ocrx_word' id='word_1_40' title='bbox 906 678 953 718; x_wconf 88' lang='lat' dir='ltr'>in</span> <span class='ocrx_word' id='word_1_41' title='bbox 977 679 1338 720; x_wconf 86' lang='lat' dir='ltr'>confirmacione</span> <span class='ocrx_word' id='word_1_42' title='bbox 1361 680 1520 732; x_wconf 85' lang='lat' dir='ltr'>tercia,</span> 
     </span>
     <span class='ocr_line' id='line_1_7' title="bbox 202 748 1522 802; baseline 0.002 -15"><span class='ocrx_word' id='word_1_43' title='bbox 202 749 332 800; x_wconf 88' lang='lat' dir='ltr'>quod</span> <span class='ocrx_word' id='word_1_44' title='bbox 363 748 497 788; x_wconf 88' lang='lat' dir='ltr'>nimis</span> <span class='ocrx_word' id='word_1_45' title='bbox 530 749 673 788; x_wconf 91' lang='lat' dir='ltr'>multe</span> <span class='ocrx_word' id='word_1_46' title='bbox 707 748 1132 802; x_wconf 87' lang='lat' dir='ltr'>sophisticaciones</span> <span class='ocrx_word' id='word_1_47' title='bbox 1159 749 1324 790; x_wconf 86' lang='lat' dir='ltr'>volant</span> <span class='ocrx_word' id='word_1_48' title='bbox 1353 748 1400 789; x_wconf 89' lang='lat' dir='ltr'>in</span> <span class='ocrx_word' id='word_1_49' title='bbox 1432 749 1522 790; x_wconf 89' lang='lat' dir='ltr'>ista</span> 
     </span>
     <span class='ocr_line' id='line_1_8' title="bbox 199 817 1521 871; baseline 0.001 -13"><span class='ocrx_word' id='word_1_50' title='bbox 199 817 404 870; x_wconf 87' lang='lat' dir='ltr'>materia,</span> <span class='ocrx_word' id='word_1_51' title='bbox 449 818 556 871; x_wconf 84' lang='lat' dir='ltr'>quia</span> <span class='ocrx_word' id='word_1_52' title='bbox 597 831 761 858; x_wconf 91' lang='lat' dir='ltr'>omnes</span> <span class='ocrx_word' id='word_1_53' title='bbox 807 831 899 871; x_wconf 91' lang='lat' dir='ltr'>que</span> <span class='ocrx_word' id='word_1_54' title='bbox 943 831 1039 858; x_wconf 91' lang='lat' dir='ltr'>non</span> <span class='ocrx_word' id='word_1_55' title='bbox 1096 824 1207 859; x_wconf 84' lang='lat' dir='ltr'>sunt</span> <span class='ocrx_word' id='word_1_56' title='bbox 1254 819 1521 859; x_wconf 86' lang='lat' dir='ltr'>fundabiles</span> 
     </span>
     <span class='ocr_line' id='line_1_9' title="bbox 198 887 1520 942; baseline 0.001 -14"><span class='ocrx_word' id='word_1_57' title='bbox 198 887 246 927; x_wconf 93' lang='lat' dir='ltr'>in</span> <span class='ocrx_word' id='word_1_58' title='bbox 278 887 525 941; x_wconf 88' lang='lat' dir='ltr'>scriptura,</span> <span class='ocrx_word' id='word_1_59' title='bbox 571 902 675 928; x_wconf 90' lang='lat' dir='ltr'>cum</span> <span class='ocrx_word' id='word_1_60' title='bbox 717 887 822 941; x_wconf 89' lang='lat' dir='ltr'>ipsa</span> <span class='ocrx_word' id='word_1_61' title='bbox 867 887 1106 929; x_wconf 85' lang='lat' dir='ltr'>contineat</span> <span class='ocrx_word' id='word_1_62' title='bbox 1149 888 1358 942; x_wconf 82' lang='lat' dir='ltr'>singulas</span> <span class='ocrx_word' id='word_1_63' title='bbox 1402 889 1520 929; x_wconf 86' lang='lat' dir='ltr'>veri-</span> 
     </span>
     <span class='ocr_line' id='line_1_10' title="bbox 198 961 333 998; baseline 0 -1"><span class='ocrx_word' id='word_1_64' title='bbox 198 961 333 998; x_wconf 89' lang='lat' dir='ltr'>tates.</span> 
     </span>
    </p>

    <p class='ocr_par' dir='ltr' id='par_1_4' title="bbox 146 1027 1764 1361">
     <span class='ocr_line' id='line_1_11' title="bbox 146 1027 1764 1082; baseline -0.001 -15"><span class='ocrx_word' id='word_1_65' title='bbox 146 1047 184 1068; x_wconf 87' lang='lat'>10</span> <span class='ocrx_word' id='word_1_66' title='bbox 256 1027 551 1068; x_wconf 88' lang='lat' dir='ltr'>Potestatem</span> <span class='ocrx_word' id='word_1_67' title='bbox 590 1033 743 1068; x_wconf 88' lang='lat' dir='ltr'>autem</span> <span class='ocrx_word' id='word_1_68' title='bbox 775 1028 1036 1068; x_wconf 89' lang='lat' dir='ltr'>secularem</span> <span class='ocrx_word' id='word_1_69' title='bbox 1066 1028 1268 1081; x_wconf 80' lang='lat' dir='ltr'>regendi</span> <span class='ocrx_word' id='word_1_70' title='bbox 1307 1028 1520 1082; x_wconf 83' lang='lat' dir='ltr'>civiliter,</span> <span class='ocrx_word' id='word_1_71' title='bbox 1586 1039 1654 1078; x_wconf 66' lang='lat' dir='ltr'>cod</span> <span class='ocrx_word' id='word_1_72' title='bbox 1676 1040 1764 1080; x_wconf 55' lang='lat' dir='ltr'>2119oe</span> 
     </span>
     <span class='ocr_line' id='line_1_12' title="bbox 197 1077 1755 1151; baseline 0 -14"><span class='ocrx_word' id='word_1_73' title='bbox 197 1096 387 1137; x_wconf 85' lang='lat' dir='ltr'>videtur</span> <span class='ocrx_word' id='word_1_74' title='bbox 436 1098 725 1151; x_wconf 84' lang='lat' dir='ltr'>Apostolum</span> <span class='ocrx_word' id='word_1_75' title='bbox 781 1097 979 1137; x_wconf 84' lang='lat' dir='ltr'>fundare</span> <span class='ocrx_word' id='word_1_76' title='bbox 1038 1097 1178 1138; x_wconf 85' lang='lat' dir='ltr'>Rom.</span> <span class='ocrx_word' id='word_1_77' title='bbox 1229 1097 1354 1138; x_wconf 88' lang='lat' dir='ltr'>XIII</span> <span class='ocrx_word' id='word_1_78' title='bbox 1413 1113 1516 1139; x_wconf 82' lang='lat'><strong>1——2</strong></span> <span class='ocrx_word' id='word_1_79' title='bbox 1581 1077 1755 1145; x_wconf 46' lang='grc' dir='ltr'>ῧιζξῖνὲἶῖιι</span> 
     </span>
     <span class='ocr_line' id='line_1_13' title="bbox 199 1167 1520 1220; baseline 0.002 -14"><span class='ocrx_word' id='word_1_80' title='bbox 199 1168 386 1220; x_wconf 85' lang='lat' dir='ltr'>quando</span> <span class='ocrx_word' id='word_1_81' title='bbox 419 1172 561 1207; x_wconf 88' lang='lat' dir='ltr'>vocat</span> <span class='ocrx_word' id='word_1_82' title='bbox 597 1167 886 1220; x_wconf 78' lang='lat' dir='ltr'>temporales</span> <span class='ocrx_word' id='word_1_83' title='bbox 921 1167 1134 1207; x_wconf 89' lang='lat' dir='ltr'>dominos</span> <span class='ocrx_word' id='word_1_84' title='bbox 1167 1171 1428 1220; x_wconf 79' lang='lat' dir='ltr'>potestates;</span> <span class='ocrx_word' id='word_1_85' title='bbox 1472 1174 1520 1209; x_wconf 88' lang='lat' dir='ltr'>et</span> 
     </span>
     <span class='ocr_line' id='line_1_14' title="bbox 199 1236 1519 1291; baseline 0.002 -15"><span class='ocrx_word' id='word_1_86' title='bbox 199 1236 320 1287; x_wconf 90' lang='lat' dir='ltr'>dicit,</span> <span class='ocrx_word' id='word_1_87' title='bbox 366 1237 495 1290; x_wconf 88' lang='lat' dir='ltr'>quod</span> <span class='ocrx_word' id='word_1_88' title='bbox 531 1250 621 1278; x_wconf 74' lang='lat' dir='ltr'>uon</span> <span class='ocrx_word' id='word_1_89' title='bbox 665 1238 761 1278; x_wconf 73' lang='lat' dir='ltr'>sine</span> <span class='ocrx_word' id='word_1_90' title='bbox 804 1250 946 1278; x_wconf 74' lang='lat' dir='ltr'>caiisa</span> <span class='ocrx_word' id='word_1_91' title='bbox 972 1241 1164 1290; x_wconf 72' lang='lat' dir='ltr'>portant</span> <span class='ocrx_word' id='word_1_92' title='bbox 1196 1239 1427 1291; x_wconf 75' lang='lat' dir='ltr'>gladium,</span> <span class='ocrx_word' id='word_1_93' title='bbox 1470 1238 1519 1278; x_wconf 90' lang='lat' dir='ltr'>id</span> 
     </span>
     <span class='ocr_line' id='line_1_15' title="bbox 199 1307 1519 1361; baseline 0.001 -14"><span class='ocrx_word' id='word_1_94' title='bbox 199 1312 272 1347; x_wconf 88' lang='lat' dir='ltr'>est</span> <span class='ocrx_word' id='word_1_95' title='bbox 301 1312 589 1360; x_wconf 88' lang='lat' dir='ltr'>potestatem</span> <span class='ocrx_word' id='word_1_96' title='bbox 629 1307 831 1347; x_wconf 82' lang='lat' dir='ltr'>civiliter</span> <span class='ocrx_word' id='word_1_97' title='bbox 870 1307 1142 1359; x_wconf 77' lang='lat' dir='ltr'>coactivam,</span> <span class='ocrx_word' id='word_1_98' title='bbox 1187 1307 1349 1347; x_wconf 89' lang='lat' dir='ltr'>dicens</span> <span class='ocrx_word' id='word_1_99' title='bbox 1389 1309 1519 1361; x_wconf 90' lang='lat' dir='ltr'>quod</span> 
     </span>
    </p>

    <p class='ocr_par' dir='ltr' id='par_1_5' title="bbox 145 1376 1518 1711">
     <span class='ocr_line' id='line_1_16' title="bbox 145 1376 1518 1430; baseline 0 -12"><span class='ocrx_word' id='word_1_100' title='bbox 145 1388 180 1419; x_wconf 79' lang='lat'>15</span> <span class='ocrx_word' id='word_1_101' title='bbox 195 1377 318 1417; x_wconf 88' lang='lat' dir='ltr'>idem</span> <span class='ocrx_word' id='word_1_102' title='bbox 328 1376 456 1429; x_wconf 80' lang='lat' dir='ltr'>foret</span> <span class='ocrx_word' id='word_1_103' title='bbox 476 1379 683 1417; x_wconf 71' lang='lat' dir='ltr'>resistere</span> <span class='ocrx_word' id='word_1_104' title='bbox 697 1377 789 1417; x_wconf 89' lang='lat' dir='ltr'>Deo</span> <span class='ocrx_word' id='word_1_105' title='bbox 814 1380 853 1417; x_wconf 90' lang='lat' dir='ltr'>et</span> <span class='ocrx_word' id='word_1_106' title='bbox 873 1378 968 1418; x_wconf 81' lang='lat' dir='ltr'>illis</span> <span class='ocrx_word' id='word_1_107' title='bbox 989 1377 1146 1430; x_wconf 90' lang='lat' dir='ltr'>quoad</span> <span class='ocrx_word' id='word_1_108' title='bbox 1174 1377 1518 1418; x_wconf 78' lang='lat' dir='ltr'>execucionem</span> 
     </span>
     <span class='ocr_line' id='line_1_17' title="bbox 194 1446 1517 1501; baseline 0 -14"><span class='ocrx_word' id='word_1_109' title='bbox 194 1446 462 1487; x_wconf 88' lang='lat' dir='ltr'>huiusmodi</span> <span class='ocrx_word' id='word_1_110' title='bbox 491 1447 757 1500; x_wconf 88' lang='lat' dir='ltr'>potestatis,</span> <span class='ocrx_word' id='word_1_111' title='bbox 790 1448 899 1499; x_wconf 72' lang='lat' dir='ltr'>quid</span> <span class='ocrx_word' id='word_1_112' title='bbox 932 1447 999 1501; x_wconf 91' lang='lat' dir='ltr'>(ut</span> <span class='ocrx_word' id='word_1_113' title='bbox 1028 1446 1194 1500; x_wconf 86' lang='lat' dir='ltr'>inquit)</span> <span class='ocrx_word' id='word_1_114' title='bbox 1227 1460 1317 1487; x_wconf 73' lang='lat' dir='ltr'>uon</span> <span class='ocrx_word' id='word_1_115' title='bbox 1349 1451 1413 1487; x_wconf 83' lang='lat' dir='ltr'>est</span> <span class='ocrx_word' id='word_1_116' title='bbox 1437 1460 1517 1500; x_wconf 80' lang='lat' dir='ltr'>po-</span> 
     </span>
     <span class='ocr_line' id='line_1_18' title="bbox 196 1517 1518 1570; baseline 0 -14"><span class='ocrx_word' id='word_1_117' title='bbox 196 1520 332 1557; x_wconf 79' lang='lat' dir='ltr'>testas</span> <span class='ocrx_word' id='word_1_118' title='bbox 353 1518 444 1558; x_wconf 81' lang='lat' dir='ltr'>m&#39;si</span> <span class='ocrx_word' id='word_1_119' title='bbox 465 1530 495 1557; x_wconf 77' lang='lat' dir='ltr'>d</span> <span class='ocrx_word' id='word_1_120' title='bbox 517 1517 634 1566; x_wconf 84' lang='lat' dir='ltr'>De0,·</span> <span class='ocrx_word' id='word_1_121' title='bbox 663 1517 794 1570; x_wconf 89' lang='lat' dir='ltr'>quod</span> <span class='ocrx_word' id='word_1_122' title='bbox 817 1522 1010 1570; x_wconf 89' lang='lat' dir='ltr'>oportet</span> <span class='ocrx_word' id='word_1_123' title='bbox 1037 1517 1226 1557; x_wconf 90' lang='lat' dir='ltr'>omnino</span> <span class='ocrx_word' id='word_1_124' title='bbox 1249 1517 1518 1570; x_wconf 83' lang='lat' dir='ltr'>intelligere</span> 
     </span>
     <span class='ocr_line' id='line_1_19' title="bbox 197 1585 1517 1640; baseline -0.001 -14"><span class='ocrx_word' id='word_1_125' title='bbox 197 1586 325 1639; x_wconf 87' lang='lat' dir='ltr'>quod</span> <span class='ocrx_word' id='word_1_126' title='bbox 357 1587 487 1626; x_wconf 90' lang='lat' dir='ltr'>solus</span> <span class='ocrx_word' id='word_1_127' title='bbox 518 1585 653 1627; x_wconf 91' lang='lat' dir='ltr'>Deus</span> <span class='ocrx_word' id='word_1_128' title='bbox 687 1586 766 1626; x_wconf 88' lang='lat' dir='ltr'>dat</span> <span class='ocrx_word' id='word_1_129' title='bbox 801 1586 1072 1627; x_wconf 88' lang='lat' dir='ltr'>huiusmodi</span> <span class='ocrx_word' id='word_1_130' title='bbox 1102 1592 1405 1640; x_wconf 88' lang='lat' dir='ltr'>potestatem,</span> <span class='ocrx_word' id='word_1_131' title='bbox 1438 1586 1517 1627; x_wconf 83' lang='lat' dir='ltr'>vel</span> 
     </span>
     <span class='ocr_line' id='line_1_20' title="bbox 197 1655 1513 1711; baseline 0.001 -16"><span class='ocrx_word' id='word_1_132' title='bbox 197 1656 326 1709; x_wconf 90' lang='lat' dir='ltr'>quod</span> <span class='ocrx_word' id='word_1_133' title='bbox 368 1669 463 1696; x_wconf 91' lang='lat' dir='ltr'>non</span> <span class='ocrx_word' id='word_1_134' title='bbox 497 1656 630 1695; x_wconf 90' lang='lat' dir='ltr'>datur</span> <span class='ocrx_word' id='word_1_135' title='bbox 662 1669 687 1695; x_wconf 90' lang='lat' dir='ltr'>a</span> <span class='ocrx_word' id='word_1_136' title='bbox 716 1655 940 1696; x_wconf 90' lang='lat' dir='ltr'>racionali</span> <span class='ocrx_word' id='word_1_137' title='bbox 972 1661 1194 1707; x_wconf 88' lang='lat' dir='ltr'>creatura,</span> <span class='ocrx_word' id='word_1_138' title='bbox 1239 1656 1329 1697; x_wconf 85' lang='lat' dir='ltr'>nisi</span> <span class='ocrx_word' id='word_1_139' title='bbox 1358 1655 1513 1711; x_wconf 78' lang='lat' dir='ltr'>Deus]</span> 
     </span>
    </p>

    <p class='ocr_par' dir='ltr' id='par_1_6' title="bbox 80 1724 1766 2408">
     <span class='ocr_line' id='line_1_21' title="bbox 80 1724 1518 1781; baseline -0.001 -14"><span class='ocrx_word' id='word_1_140' title='bbox 80 1733 160 1767; x_wconf 62' lang='lat' dir='ltr'>165d</span> <span class='ocrx_word' id='word_1_141' title='bbox 195 1724 327 1779; x_wconf 87' lang='lat' dir='ltr'>prius</span> <span class='ocrx_word' id='word_1_142' title='bbox 369 1725 521 1779; x_wconf 88' lang='lat' dir='ltr'>ipsam</span> <span class='ocrx_word' id='word_1_143' title='bbox 563 1725 758 1777; x_wconf 84' lang='lat' dir='ltr'>dederit,</span> <span class='ocrx_word' id='word_1_144' title='bbox 801 1724 866 1766; x_wconf 91' lang='lat' dir='ltr'>ita</span> <span class='ocrx_word' id='word_1_145' title='bbox 910 1726 1039 1778; x_wconf 85' lang='lat' dir='ltr'>quod</span> <span class='ocrx_word' id='word_1_146' title='bbox 1082 1726 1174 1765; x_wconf 90' lang='lat' dir='ltr'>hoc</span> <span class='ocrx_word' id='word_1_147' title='bbox 1210 1726 1396 1781; x_wconf 80' lang='lat' dir='ltr'>signum</span> <span class='ocrx_word' id='word_1_148' title='bbox 1426 1726 1518 1766; x_wconf 81' lang='lat' dir='ltr'>msi</span> 
     </span>
     <span class='ocr_line' id='line_1_22' title="bbox 196 1795 1517 1849; baseline 0 -13"><span class='ocrx_word' id='word_1_149' title='bbox 196 1800 405 1836; x_wconf 86' lang='lat' dir='ltr'>sumatur</span> <span class='ocrx_word' id='word_1_150' title='bbox 426 1808 514 1849; x_wconf 87' lang='lat' dir='ltr'>pro</span> <span class='ocrx_word' id='word_1_151' title='bbox 537 1795 578 1835; x_wconf 83' lang='lat' dir='ltr'>si</span> <span class='ocrx_word' id='word_1_152' title='bbox 598 1807 701 1848; x_wconf 74' lang='lat' dir='ltr'>non,</span> <span class='ocrx_word' id='word_1_153' title='bbox 725 1795 785 1834; x_wconf 90' lang='lat' dir='ltr'>ad</span> <span class='ocrx_word' id='word_1_154' title='bbox 806 1796 997 1835; x_wconf 84' lang='lat' dir='ltr'>modum</span> <span class='ocrx_word' id='word_1_155' title='bbox 1018 1795 1246 1848; x_wconf 85' lang='lat' dir='ltr'>loquendi</span> <span class='ocrx_word' id='word_1_156' title='bbox 1269 1795 1517 1849; x_wconf 90' lang='lat' dir='ltr'>scripture.</span> 
     </span>
     <span class='ocr_line' id='line_1_23' title="bbox 194 1860 1516 1918; baseline -0.002 -12"><span class='ocrx_word' id='word_1_157' title='bbox 194 1860 257 1906; x_wconf 83' lang='lat' dir='ltr'>Et</span> <span class='ocrx_word' id='word_1_158' title='bbox 280 1865 422 1906; x_wconf 87' lang='lat' dir='ltr'>istum</span> <span class='ocrx_word' id='word_1_159' title='bbox 444 1878 635 1905; x_wconf 88' lang='lat' dir='ltr'>sensum</span> <span class='ocrx_word' id='word_1_160' title='bbox 663 1864 782 1905; x_wconf 76' lang='lat' dir='ltr'>dixit</span> <span class='ocrx_word' id='word_1_161' title='bbox 805 1864 1017 1905; x_wconf 89' lang='lat' dir='ltr'>Christus</span> <span class='ocrx_word' id='word_1_162' title='bbox 1039 1865 1144 1916; x_wconf 86' lang='lat' dir='ltr'>Joh.</span> <span class='ocrx_word' id='word_1_163' title='bbox 1167 1865 1308 1918; x_wconf 86' lang='lat' dir='ltr'>XIX,</span> <span class='ocrx_word' id='word_1_164' title='bbox 1337 1879 1467 1906; x_wconf 87' lang='lat'>10—-1</span> <span class='ocrx_word' id='word_1_165' title='bbox 1483 1878 1516 1918; x_wconf 93' lang='lat'>1,</span> 
     </span>
     <span class='ocr_line' id='line_1_24' title="bbox 196 1934 1751 1989; baseline -0.001 -13"><span class='ocrx_word' id='word_1_166' title='bbox 196 1935 277 1976; x_wconf 90' lang='lat' dir='ltr'>ubi</span> <span class='ocrx_word' id='word_1_167' title='bbox 303 1935 478 1989; x_wconf 84' lang='lat' dir='ltr'>legitur</span> <span class='ocrx_word' id='word_1_168' title='bbox 503 1934 689 1975; x_wconf 87' lang='lat' dir='ltr'>Christo</span> <span class='ocrx_word' id='word_1_169' title='bbox 713 1940 901 1975; x_wconf 90' lang='lat' dir='ltr'>tacente</span> <span class='ocrx_word' id='word_1_170' title='bbox 923 1934 1102 1975; x_wconf 87' lang='lat' dir='ltr'>Pilatus</span> <span class='ocrx_word' id='word_1_171' title='bbox 1126 1935 1327 1976; x_wconf 80' lang='lat' dir='ltr'>dixisse:</span> <span class='ocrx_word' id='word_1_172' title='bbox 1361 1935 1521 1976; x_wconf 76' lang='lat' dir='ltr'>Nescis</span> <span class='ocrx_word' id='word_1_173' title='bbox 1592 1968 1625 1986; x_wconf 61' lang='lat'>35</span> <span class='ocrx_word' id='word_1_174' title='bbox 1647 1958 1751 1987; x_wconf 59' lang='lat' dir='ltr'>Christ</span> 
     </span>
     <span class='ocr_line' id='line_1_25' title="bbox 195 1995 1766 2059; baseline -0.001 -13"><span class='ocrx_word' id='word_1_175' title='bbox 195 2007 304 2057; x_wconf 76' lang='lat' dir='ltr'>quid</span> <span class='ocrx_word' id='word_1_176' title='bbox 327 2008 597 2059; x_wconf 77' lang='lat' dir='ltr'>potestatem</span> <span class='ocrx_word' id='word_1_177' title='bbox 627 2005 764 2045; x_wconf 78' lang='lat' dir='ltr'>habeo</span> <span class='ocrx_word' id='word_1_178' title='bbox 798 2005 1065 2057; x_wconf 72' lang='lat' dir='ltr'>emicz‘figere</span> <span class='ocrx_word' id='word_1_179' title='bbox 1095 2009 1135 2046; x_wconf 91' lang='lat' dir='ltr'>te</span> <span class='ocrx_word' id='word_1_180' title='bbox 1186 2009 1225 2046; x_wconf 88' lang='lat' dir='ltr'>et</span> <span class='ocrx_word' id='word_1_181' title='bbox 1251 2008 1518 2058; x_wconf 77' lang='lat' dir='ltr'>potestatem</span> <span class='ocrx_word' id='word_1_182' title='bbox 1575 1995 1766 2056; x_wconf 19' lang='lat' dir='ltr'>degffiglvto</span> 
     </span>
     <span class='ocr_line' id='line_1_26' title="bbox 141 2073 1519 2128; baseline 0 -13"><span class='ocrx_word' id='word_1_183' title='bbox 141 2077 331 2117; x_wconf 78' lang='lat' dir='ltr'>25habe0</span> <span class='ocrx_word' id='word_1_184' title='bbox 364 2076 592 2116; x_wconf 71' lang='lat' dir='ltr'>dimittere</span> <span class='ocrx_word' id='word_1_185' title='bbox 623 2075 697 2115; x_wconf 72' lang='lat' dir='ltr'>te?</span> <span class='ocrx_word' id='word_1_186' title='bbox 739 2074 824 2117; x_wconf 76' lang='lat' dir='ltr'>Cm·</span> <span class='ocrx_word' id='word_1_187' title='bbox 854 2073 1008 2115; x_wconf 78' lang='lat' dir='ltr'>Jesus:</span> <span class='ocrx_word' id='word_1_188' title='bbox 1051 2074 1152 2115; x_wconf 74' lang='lat' dir='ltr'>Non</span> <span class='ocrx_word' id='word_1_189' title='bbox 1189 2076 1375 2116; x_wconf 72' lang='lat' dir='ltr'>haberes</span> <span class='ocrx_word' id='word_1_190' title='bbox 1401 2078 1519 2128; x_wconf 79' lang='lat' dir='ltr'>pote-</span> 
     </span>
     <span class='ocr_line' id='line_1_27' title="bbox 196 2145 1522 2196; baseline -0.001 -10"><span class='ocrx_word' id='word_1_191' title='bbox 196 2149 358 2187; x_wconf 77' lang='lat' dir='ltr'>statem</span> <span class='ocrx_word' id='word_1_192' title='bbox 390 2146 635 2186; x_wconf 75' lang='lat' dir='ltr'>adversum</span> <span class='ocrx_word' id='word_1_193' title='bbox 668 2157 741 2185; x_wconf 91' lang='lat' dir='ltr'>me</span> <span class='ocrx_word' id='word_1_194' title='bbox 771 2146 933 2196; x_wconf 78' lang='lat' dir='ltr'>ullam,</span> <span class='ocrx_word' id='word_1_195' title='bbox 976 2146 1068 2186; x_wconf 76' lang='lat' dir='ltr'>nisi</span> <span class='ocrx_word' id='word_1_196' title='bbox 1099 2146 1179 2185; x_wconf 80' lang='lat' dir='ltr'>tibi</span> <span class='ocrx_word' id='word_1_197' title='bbox 1210 2145 1372 2185; x_wconf 77' lang='lat' dir='ltr'>datum</span> <span class='ocrx_word' id='word_1_198' title='bbox 1411 2148 1522 2185; x_wconf 83' lang='lat' dir='ltr'>esset</span> 
     </span>
     <span class='ocr_line' id='line_1_28' title="bbox 198 2213 1520 2268; baseline -0.002 -12"><span class='ocrx_word' id='word_1_199' title='bbox 198 2218 403 2268; x_wconf 70' lang='lat' dir='ltr'>desuper.</span> <span class='ocrx_word' id='word_1_200' title='bbox 456 2213 613 2268; x_wconf 87' lang='lat' dir='ltr'>Super</span> <span class='ocrx_word' id='word_1_201' title='bbox 658 2228 752 2268; x_wconf 86' lang='lat' dir='ltr'>quo</span> <span class='ocrx_word' id='word_1_202' title='bbox 797 2215 1098 2268; x_wconf 82' lang='lat' dir='ltr'>Augustinus</span> <span class='ocrx_word' id='word_1_203' title='bbox 1137 2213 1319 2255; x_wconf 90' lang='lat' dir='ltr'>Omelia</span> <span class='ocrx_word' id='word_1_204' title='bbox 1359 2214 1520 2255; x_wconf 83' lang='lat' dir='ltr'>CXVI</span> 
     </span>
     <span class='ocr_line' id='line_1_29' title="bbox 197 2284 1521 2338; baseline 0 -13"><span class='ocrx_word' id='word_1_205' title='bbox 197 2291 344 2338; x_wconf 85' lang='lat' dir='ltr'>notat,</span> <span class='ocrx_word' id='word_1_206' title='bbox 386 2284 540 2338; x_wconf 90' lang='lat' dir='ltr'>primo</span> <span class='ocrx_word' id='word_1_207' title='bbox 586 2285 826 2338; x_wconf 90' lang='lat' dir='ltr'>quomodo</span> <span class='ocrx_word' id='word_1_208' title='bbox 859 2285 1092 2325; x_wconf 88' lang='lat' dir='ltr'>Dominus</span> <span class='ocrx_word' id='word_1_209' title='bbox 1138 2298 1255 2338; x_wconf 90' lang='lat' dir='ltr'>sepe</span> <span class='ocrx_word' id='word_1_210' title='bbox 1294 2284 1442 2325; x_wconf 89' lang='lat' dir='ltr'>tacuit</span> <span class='ocrx_word' id='word_1_211' title='bbox 1475 2290 1521 2324; x_wconf 87' lang='lat' dir='ltr'>et</span> 
     </span>
     <span class='ocr_line' id='line_1_30' title="bbox 199 2354 1521 2408; baseline 0 -13"><span class='ocrx_word' id='word_1_212' title='bbox 199 2368 315 2408; x_wconf 90' lang='lat' dir='ltr'>sepe</span> <span class='ocrx_word' id='word_1_213' title='bbox 337 2354 600 2408; x_wconf 89' lang='lat' dir='ltr'>respondit.</span> <span class='ocrx_word' id='word_1_214' title='bbox 624 2354 793 2395; x_wconf 87' lang='lat' dir='ltr'>Tacuit</span> <span class='ocrx_word' id='word_1_215' title='bbox 815 2368 972 2395; x_wconf 93' lang='lat' dir='ltr'>coram</span> <span class='ocrx_word' id='word_1_216' title='bbox 992 2355 1158 2401; x_wconf 90' lang='lat' dir='ltr'>Pilato,</span> <span class='ocrx_word' id='word_1_217' title='bbox 1190 2367 1346 2395; x_wconf 87' lang='lat' dir='ltr'>coram</span> <span class='ocrx_word' id='word_1_218' title='bbox 1368 2368 1521 2395; x_wconf 88' lang='lat' dir='ltr'>sacer-</span> 
     </span>
    </p>

    <p class='ocr_par' dir='ltr' id='par_1_7' title="bbox 142 2424 1519 2478">
     <span class='ocr_line' id='line_1_31' title="bbox 142 2424 1519 2478; baseline -0.001 -13"><span class='ocrx_word' id='word_1_219' title='bbox 142 2434 184 2466; x_wconf 77' lang='lat'>30</span> <span class='ocrx_word' id='word_1_220' title='bbox 199 2424 390 2465; x_wconf 87' lang='lat' dir='ltr'>dotibus</span> <span class='ocrx_word' id='word_1_221' title='bbox 425 2429 474 2464; x_wconf 89' lang='lat' dir='ltr'>et</span> <span class='ocrx_word' id='word_1_222' title='bbox 502 2424 696 2464; x_wconf 88' lang='lat' dir='ltr'>Herode</span> <span class='ocrx_word' id='word_1_223' title='bbox 729 2430 931 2478; x_wconf 89' lang='lat' dir='ltr'>propter</span> <span class='ocrx_word' id='word_1_224' title='bbox 961 2425 1061 2477; x_wconf 90' lang='lat' dir='ltr'>tria,</span> <span class='ocrx_word' id='word_1_225' title='bbox 1094 2424 1245 2478; x_wconf 90' lang='lat' dir='ltr'>primo</span> <span class='ocrx_word' id='word_1_226' title='bbox 1278 2430 1330 2465; x_wconf 88' lang='lat' dir='ltr'>ut</span> <span class='ocrx_word' id='word_1_227' title='bbox 1356 2424 1519 2478; x_wconf 90' lang='lat' dir='ltr'>imple-</span> 
     </span>
    </p>

    <p class='ocr_par' dir='ltr' id='par_1_8' title="bbox 197 2493 1520 2548">
     <span class='ocr_line' id='line_1_32' title="bbox 197 2493 1520 2548; baseline 0 -14"><span class='ocrx_word' id='word_1_228' title='bbox 197 2499 327 2534; x_wconf 88' lang='lat' dir='ltr'>retur</span> <span class='ocrx_word' id='word_1_229' title='bbox 359 2493 586 2546; x_wconf 90' lang='lat' dir='ltr'>scriptum</span> <span class='ocrx_word' id='word_1_230' title='bbox 618 2493 740 2534; x_wconf 92' lang='lat' dir='ltr'>Isaie</span> <span class='ocrx_word' id='word_1_231' title='bbox 771 2494 897 2548; x_wconf 88' lang='lat' dir='ltr'>LIII,</span> <span class='ocrx_word' id='word_1_232' title='bbox 933 2508 976 2547; x_wconf 88' lang='lat'>7:</span> <span class='ocrx_word' id='word_1_233' title='bbox 1017 2493 1142 2535; x_wconf 75' lang='lat' dir='ltr'>Sicut</span> <span class='ocrx_word' id='word_1_234' title='bbox 1180 2503 1329 2546; x_wconf 74' lang='lat' dir='ltr'>agnus</span> <span class='ocrx_word' id='word_1_235' title='bbox 1361 2507 1520 2535; x_wconf 75' lang='lat' dir='ltr'>coram</span> 
     </span>
    </p>
   </div>
   <div class='ocr_carea' id='block_1_3' title="bbox 199 2564 1520 2617">
    <p class='ocr_par' dir='ltr' id='par_1_9' title="bbox 199 2564 1520 2617">
     <span class='ocr_line' id='line_1_33' title="bbox 199 2564 1520 2617; baseline 0 -13"><span class='ocrx_word' id='word_1_236' title='bbox 199 2565 402 2605; x_wconf 76' lang='lat' dir='ltr'>tondente</span> <span class='ocrx_word' id='word_1_237' title='bbox 422 2565 519 2604; x_wconf 78' lang='lat' dir='ltr'>sine</span> <span class='ocrx_word' id='word_1_238' title='bbox 534 2576 647 2616; x_wconf 83' lang='lat' dir='ltr'>voce,</span> <span class='ocrx_word' id='word_1_239' title='bbox 661 2564 727 2604; x_wconf 83' lang='lat' dir='ltr'>sic</span> <span class='ocrx_word' id='word_1_240' title='bbox 748 2577 836 2604; x_wconf 75' lang='lat' dir='ltr'>uon</span> <span class='ocrx_word' id='word_1_241' title='bbox 859 2565 1041 2617; x_wconf 76' lang='lat' dir='ltr'>aperuit</span> <span class='ocrx_word' id='word_1_242' title='bbox 1055 2577 1105 2605; x_wconf 83' lang='lat' dir='ltr'>os</span> <span class='ocrx_word' id='word_1_243' title='bbox 1125 2576 1287 2612; x_wconf 78' lang='lat' dir='ltr'>Simm;</span> <span class='ocrx_word' id='word_1_244' title='bbox 1308 2565 1520 2605; x_wconf 85' lang='lat' dir='ltr'>secundo</span> 
     </span>
    </p>
   </div>
   <div class='ocr_carea' id='block_1_4' title="bbox 198 2688 1522 2817">
    <p class='ocr_par' dir='ltr' id='par_1_10' title="bbox 198 2688 1522 2817">
     <span class='ocr_line' id='line_1_34' title="bbox 266 2688 1522 2724; baseline 0.002 -9"><span class='ocrx_word' id='word_1_245' title='bbox 266 2697 296 2722; x_wconf 85' lang='lat'>4.</span> <span class='ocrx_word' id='word_1_246' title='bbox 324 2688 362 2715; x_wconf 80' lang='lat'>13:</span> <span class='ocrx_word' id='word_1_247' title='bbox 383 2688 522 2715; x_wconf 76' lang='lat' dir='ltr'>odibiles,</span> <span class='ocrx_word' id='word_1_248' title='bbox 597 2696 640 2715; x_wconf 91' lang='lat'>10.</span> <span class='ocrx_word' id='word_1_249' title='bbox 663 2688 702 2716; x_wconf 86' lang='lat' dir='ltr'>B:</span> <span class='ocrx_word' id='word_1_250' title='bbox 722 2690 892 2716; x_wconf 71' lang='lat' dir='ltr'>secularem</span> <span class='ocrx_word' id='word_1_251' title='bbox 912 2689 1006 2716; x_wconf 75' lang='lat' dir='ltr'>deest.</span> <span class='ocrx_word' id='word_1_252' title='bbox 1082 2697 1122 2717; x_wconf 90' lang='lat'>11.</span> <span class='ocrx_word' id='word_1_253' title='bbox 1150 2689 1172 2716; x_wconf 82' lang='lat' dir='ltr'>B</span> <span class='ocrx_word' id='word_1_254' title='bbox 1198 2689 1229 2716; x_wconf 90' lang='lat' dir='ltr'>in</span> <span class='ocrx_word' id='word_1_255' title='bbox 1256 2697 1370 2724; x_wconf 80' lang='lat' dir='ltr'>marg.:·</span> <span class='ocrx_word' id='word_1_256' title='bbox 1398 2688 1522 2717; x_wconf 83' lang='lat' dir='ltr'>Funda-</span> 
     </span>
     <span class='ocr_line' id='line_1_35' title="bbox 198 2734 1511 2771; baseline 0.002 -10"><span class='ocrx_word' id='word_1_257' title='bbox 198 2738 329 2761; x_wconf 79' lang='lat' dir='ltr'>mentum</span> <span class='ocrx_word' id='word_1_258' title='bbox 353 2735 519 2769; x_wconf 83' lang='lat' dir='ltr'>poteslatls</span> <span class='ocrx_word' id='word_1_259' title='bbox 547 2734 653 2762; x_wconf 84' lang='lat' dir='ltr'>civilis.</span> <span class='ocrx_word' id='word_1_260' title='bbox 773 2743 821 2771; x_wconf 87' lang='lat'>29.</span> <span class='ocrx_word' id='word_1_261' title='bbox 851 2735 905 2763; x_wconf 85' lang='lat' dir='ltr'>AB</span> <span class='ocrx_word' id='word_1_262' title='bbox 936 2736 967 2762; x_wconf 88' lang='lat' dir='ltr'>in</span> <span class='ocrx_word' id='word_1_263' title='bbox 998 2743 1114 2771; x_wconf 68' lang='lat' dir='ltr'>marg:</span> <span class='ocrx_word' id='word_1_264' title='bbox 1146 2735 1288 2763; x_wconf 76' lang='lat' dir='ltr'>Christus</span> <span class='ocrx_word' id='word_1_265' title='bbox 1315 2744 1386 2771; x_wconf 80' lang='lat' dir='ltr'>sepe</span> <span class='ocrx_word' id='word_1_266' title='bbox 1414 2736 1511 2763; x_wconf 78' lang='lat' dir='ltr'>lacuit</span> 
     </span>
     <span class='ocr_line' id='line_1_36' title="bbox 200 2779 948 2817; baseline 0.003 -10"><span class='ocrx_word' id='word_1_267' title='bbox 200 2779 249 2808; x_wconf 83' lang='lat'>30.</span> <span class='ocrx_word' id='word_1_268' title='bbox 270 2782 299 2808; x_wconf 91' lang='lat' dir='ltr'><strong>A</strong></span> <span class='ocrx_word' id='word_1_269' title='bbox 318 2781 349 2808; x_wconf 87' lang='lat' dir='ltr'>in</span> <span class='ocrx_word' id='word_1_270' title='bbox 370 2789 484 2817; x_wconf 68' lang='lat' dir='ltr'>marg:</span> <span class='ocrx_word' id='word_1_271' title='bbox 506 2789 529 2809; x_wconf 89' lang='lat'>1.</span> <span class='ocrx_word' id='word_1_272' title='bbox 609 2781 658 2810; x_wconf 83' lang='lat'>32.</span> <span class='ocrx_word' id='word_1_273' title='bbox 679 2783 708 2809; x_wconf 90' lang='lat' dir='ltr'><strong>A</strong></span> <span class='ocrx_word' id='word_1_274' title='bbox 728 2782 758 2809; x_wconf 89' lang='lat' dir='ltr'>in</span> <span class='ocrx_word' id='word_1_275' title='bbox 781 2790 896 2817; x_wconf 62' lang='lat' dir='ltr'>marg:</span> <span class='ocrx_word' id='word_1_276' title='bbox 919 2789 948 2809; x_wconf 80' lang='lat'>2.</span> 
     </span>
    </p>
   </div>
   <div class='ocr_carea' id='block_1_5' title="bbox 272 2866 1521 2911">
    <p class='ocr_par' dir='ltr' id='par_1_11' title="bbox 272 2866 1521 2911">
     <span class='ocr_line' id='line_1_37' title="bbox 272 2866 1521 2911; baseline 0.001 -15"><span class='ocrx_word' id='word_1_277' title='bbox 272 2875 302 2896; x_wconf 89' lang='lat'>2.</span> <span class='ocrx_word' id='word_1_278' title='bbox 321 2866 498 2911; x_wconf 80' lang='lat' dir='ltr'>Act.V111‚</span> <span class='ocrx_word' id='word_1_279' title='bbox 518 2866 623 2898; x_wconf 80' lang='lat'>18——2</span> <span class='ocrx_word' id='word_1_280' title='bbox 635 2877 659 2897; x_wconf 91' lang='lat'>1.</span> <span class='ocrx_word' id='word_1_281' title='bbox 759 2875 812 2908; x_wconf 86' lang='lat'>27.</span> <span class='ocrx_word' id='word_1_282' title='bbox 832 2867 1046 2909; x_wconf 83' lang='lat' dir='ltr'>Augustinus</span> <span class='ocrx_word' id='word_1_283' title='bbox 1061 2867 1095 2898; x_wconf 89' lang='lat' dir='ltr'>in</span> <span class='ocrx_word' id='word_1_284' title='bbox 1109 2867 1172 2898; x_wconf 90' lang='lat' dir='ltr'>Ev.</span> <span class='ocrx_word' id='word_1_285' title='bbox 1186 2867 1331 2898; x_wconf 85' lang='lat' dir='ltr'>Joannis</span> <span class='ocrx_word' id='word_1_286' title='bbox 1347 2876 1421 2909; x_wconf 85' lang='lat' dir='ltr'>cap.</span> <span class='ocrx_word' id='word_1_287' title='bbox 1436 2867 1521 2906; x_wconf 80' lang='lat' dir='ltr'>XIX,</span> 
     </span>
    </p>
   </div>
   <div class='ocr_carea' id='block_1_6' title="bbox 200 2923 1384 3006">
    <p class='ocr_par' dir='ltr' id='par_1_12' title="bbox 200 2923 1384 3006">
     <span class='ocr_line' id='line_1_38' title="bbox 200 2923 453 2955; baseline 0.004 -1"><span class='ocrx_word' id='word_1_288' title='bbox 200 2928 295 2954; x_wconf 81' lang='lat' dir='ltr'>tract.</span> <span class='ocrx_word' id='word_1_289' title='bbox 322 2923 453 2955; x_wconf 81' lang='lat' dir='ltr'>CXVII.</span> 
     </span>
     <span class='ocr_line' id='line_1_39' title="bbox 1338 2981 1384 3006; baseline 0 -2"><span class='ocrx_word' id='word_1_290' title='bbox 1338 2993 1352 3006; x_wconf 55' lang='grc' dir='ltr'>ι,</span> <span class='ocrx_word' id='word_1_291' title='bbox 1365 2981 1384 3004; x_wconf 71' lang='grc' dir='ltr'>&gt;κ</span> 
     </span>
    </p>
   </div>
  </div>
 </body>
</html>
