2078 3338
265 275 342 314 232
983 268 1206 302 JOHANNIS
1233 267 1419 300 WYCLIF
1697 253 1802 308 [CAP.
1823 262 1860 290 x.

272 385 525 420 Theabsolving
610 374 845 427 Quantum
889 374 949 413 ad
987 372 1307 414 testimonium
1351 384 1524 420 eorum,
1568 375 1714 423 patet,
1760 383 1863 409 cum

267 420 536 491 ρὲἷξῗειιῗιξιξξῖο
551 450 644 485 tam
658 449 873 498 potestas
897 456 1035 497 quam
1059 441 1302 483 absolucio
1328 441 1387 481 sit
1412 439 1711 489 insensibilis,
1735 439 1864 479 testi-

331 490 458 525 psoved‘
550 513 758 554 monium
789 518 919 553 tante
952 512 1230 553 distancium
1262 524 1358 551 non
1392 516 1465 550 est
1497 509 1795 550 conveniens.

610 583 846 636 Quantum
878 583 937 623 ad.
969 582 1227 622 secundum
1254 581 1526 630 membrum,
1557 593 1653 619 non
1673 583 1747 619 est
1777 577 1868 630 sig-

550 666 660 693 num
699 652 827 705 quod
857 652 993 692 Deus
1034 651 1100 691 eis
1132 649 1365 690 revelavit
1400 649 1537 689 istam
1568 647 1902 697 sentenciam‚5

553 736 657 763 cum
688 735 783 762 non
813 726 948 775 patet
971 734 1032 761 ex
1055 720 1245 773 scriptis
1269 720 1345 760 vel
1371 718 1507 759 factis
1531 718 1869 772 apostolorum,

553 797 601 832 et
645 796 842 844 quatuor
884 791 1086 831 maiores
1132 790 1356 830 doctores
1400 790 1492 829 hoc
1531 801 1627 828 non
1657 787 1870 828 recitent.

551 860 850 914 Augustinus
903 865 1058 900 autem
1110 873 1229 913 sepe
1280 858 1451 899 recitat
1495 857 1733 911 quomodo
1777 870 1872 897 non

553 931 700 971 debet
744 929 873 970 credi
915 929 1006 970 sibi
1043 928 1133 970 nisi
1171 929 1229 968 de
1270 932 1445 981 quanto
1500 940 1551 967 se
1601 926 1874 967 fundaverit

555 1014 616 1040 ex
659 999 905 1053 scriptura.
959 999 1061 1040 Nec
1106 998 1272 1038 dubito
1319 997 1432 1051 quin
1476 1010 1565 1037 nec
1608 996 1733 1036 racio
1784 1008 1930 1035 neem

555 1069 781 1111 autoritas
811 1069 903 1109 hoc
938 1067 1188 1108 convincit.
1241 1066 1357 1107 Ideo
1391 1080 1451 1107 ve
1483 1066 1587 1115 illis,
1623 1065 1702 1119 qui
1732 1065 1872 1105 intro-

555 1139 793 1180 duxerunt
835 1139 960 1179 hunc
1007 1150 1213 1178 errorem
1257 1137 1497 1177 novellum
1537 1134 1874 1176 infundabilem

552 1209 600 1249 in
633 1208 882 1249 ecclesiam
915 1212 1124 1248 sanctam
1155 1207 1260 1247 Dei.

612 1279 753 1320 Patet
786 1283 941 1319 autem
975 1291 1036 1317 ex
1074 1276 1302 1331 predictis
1356 1275 1596 1329 quomodo
1628 1274 1875 1315 Romanus

555 1348 776 1403 pontifex
797 1348 887 1389 fuit
909 1346 1161 1388 consocius
1186 1346 1284 1387 aliis
1305 1345 1612 1399 pontificibus
1635 1357 1784 1397 usque
1819 1343 1878 1383 ad
1897 1346 1933 1379 15

557 1419 859 1460 dotacionem
913 1417 1115 1458 ecclesie
1171 1422 1217 1457 et
1263 1416 1433 1456 exhinc
1492 1429 1554 1456 ex
1598 1413 1877 1455 auctoritate

558 1489 731 1530 cesaris
765 1488 894 1541 cepit
929 1486 1192 1541 capitaliter
1215 1485 1454 1536 dominari,
1487 1486 1611 1525 unde
1636 1485 1877 1524 decretum

556 1558 720 1599 XCVI
744 1557 1057 1598 distinccione
1093 1556 1221 1610 quod
1242 1568 1338 1596 non
1360 1567 1614 1608 possumus
1635 1566 1724 1607 pro
1747 1566 1877 1593 vere-

313 1648 496 1676 Adecreffl
560 1628 728 1669 cundia
766 1640 943 1681 negare
988 1626 1055 1667 sic
1097 1625 1326 1679 loquitur:
1376 1623 1700 1667 Constantinus
1731 1624 1877 1675 impe—

271 1684 538 1756 pagsssg‘gusssssiniffssy
558 1702 690 1740 rator
719 1701 881 1750 quarto
914 1698 986 1738 die
1016 1698 1091 1737 Siti
1122 1696 1334 1749 baptismi
1359 1695 1659 1748 privilegium
1674 1693 1880 1733 Romane
1898 1704 1938 1724 20

286 1753 523 1823 ῑῖῗθῖἒῗῃῇἰέξοῗῗ
560 1769 737 1809 ecclesie
762 1767 970 1820 pontiflci
1000 1766 1199 1815 contulit,
1237 1768 1285 1805 nt
1316 1766 1363 1804 in
1395 1767 1480 1804 toto
1514 1764 1618 1804 orbe
1642 1763 1882 1815 pontifices

559 1840 625 1879 ita
655 1839 770 1878 hunc
800 1840 937 1890 capnt
967 1837 1159 1876 habeant
1188 1836 1304 1876 sicut
1330 1834 1499 1874 indices
1521 1841 1685 1886 regent.
1719 1832 1774 1873 In
1795 1845 1879 1884 qno

554 1908 798 1961 privilegio
842 1908 909 1946 ita
952 1907 1070 1947 inter
1113 1908 1257 1945 cetera
1304 1904 1491 1956 legitur:
1539 1902 1800 1943 Tnihztimns
1842 1903 1882 1942 ei

555 1980 820 2030 potestatem
866 1980 995 2028 atque
1038 1976 1242 2027 vigorem
1283 1977 1321 2013 et
1356 1973 1757 2024 honorificenoe'am
1788 1972 1879 2012 im—

555 2048 796 2099 perialem,
847 2047 1131 2087 decernentes
1178 2047 1226 2084 ut
1258 2043 1577 2096 principatum
1609 2045 1754 2083 teneat
1784 2045 1880 2082 tam
1900 2041 1938 2074 25

561 2129 699 2169 snper
718 2119 914 2168 quatuor
934 2116 1080 2156 sedes:
1110 2113 1491 2163 Alexandri-nam,
1517 2111 1882 2157 Antlzioclmam,

560 2185 993 2227 Jerusotzmz'tcmam
1031 2187 1070 2224 et
1103 2183 1680 2234 Constanttnopolitananz,·
1720 2182 1883 2221 celsior

564 2258 603 2295 et
618 2255 834 2308 princeps
854 2255 1024 2295 cunctis
1044 2253 1351 2294 sacerdotibus
1373 2252 1514 2292 tocius
1529 2252 1693 2291 inuncti
1716 2251 1884 2291 existat.

562 2324 624 2364 Et
646 2323 890 2377 specificat
915 2323 1155 2377 posterius
1176 2321 1528 2362 iurisdicionem
1561 2320 1632 2360 sui
1654 2318 1883 2373 episcopi,

564 2393 884 2447 specificando
922 2393 1113 2446 patrias,
1147 2391 1362 2441 Yndiam,
1397 2390 1611 2432 Greciam
1645 2396 1693 2431 et
1725 2395 1886 2430 cetera
1901 2391 1942 2423 30

566 2464 823 2504 secundum
875 2469 1077 2516 quatuor
1116 2467 1278 2515 partes
1330 2460 1502 2501 mundi.
1557 2459 1763 2513 Propter
1792 2459 1884 2499 hoc

566 2532 752 2586 quidam
781 2531 785 2588 Ι
814 2538 984 2572 vocant
1014 2533 1133 2572 hanc
1166 2534 1458 2584 potestatem
1480 2528 1792 2569 iurisdicionis
1813 2528 1883 2568 in·
1925 2527 2005 2572 219b

566 2601 842 2656 dulgencias
895 2607 943 2642 et
985 2600 1073 2641 alia
1114 2599 1367 2655 privilegia
1409 2611 1637 2652 paparum
1685 2610 1884 2638 cesarea.

637 2762 663 2790 8.
688 2761 787 2790 Codd.
808 2762 839 2789 in
862 2769 976 2797 marg:
1002 2761 1138 2789 Credere
1158 2760 1337 2788 doctoribus
1351 2759 1475 2795 quando
1493 2758 1644 2786 debemus.
1720 2765 1761 2793 19.
1786 2756 1883 2785 Codd.

567 2808 597 2836 in
620 2817 732 2844 marga
754 2808 838 2844 Pape
857 2808 1017 2836 institue-io
1038 2815 1057 2835 α
1078 2815 1195 2835 cesare.
1269 2805 1319 2834 30.
1339 2805 1478 2838 Indiam;
1502 2809 1596 2832 recte:
1616 2804 1756 2832 Judeam.

643 2892 692 2925 18.
721 2892 804 2934 Cap.
832 2892 922 2926 XIV.
951 2891 1104 2933 Loosely
1131 2890 1275 2933 quoted.
