2078 3338
269 285 316 321 14
983 277 1209 310 JOHANle
1236 275 1421 308 WYCLIF
1712 260 1819 317 [CAP.
1839 271 1862 298 1.

551 388 840 438 potestatem
884 381 1059 422 ordinis
1111 387 1157 421 et
1206 378 1560 431 iurisdiccionis,
1613 379 1698 418 sed
1750 378 1863 418 dans

551 458 839 506 potestatem
883 450 1060 492 ordinis
1105 451 1186 490 dat
1229 454 1279 490 ut
1318 449 1386 489 sic
1416 452 1705 501 potestatem
1734 446 1863 487 iuris-

554 521 792 574 diccionis,
826 521 935 574 quia
967 520 1101 560 aliter
1130 519 1256 559 foret
1285 519 1411 558 nuda
1440 522 1655 571 potestas
1689 516 1864 557 ordinis

551 590 685 631 nimis
719 589 971 644 superflua,
1019 588 1126 642 quia
1155 586 1445 628 insufficiens
1477 591 1529 626 ut
1559 585 1620 626 sit
1647 585 1696 625 in
1723 591 1863 626 mate-

551 661 665 701 riam
712 665 1127 714 quantumcunque
1180 656 1400 699 exercita.
1445 655 1659 696 Christus
1713 661 1899 697 autem5

554 731 740 784 quando
787 729 917 770 dedit
961 727 1204 781 discipulis
1236 731 1528 780 potestatem
1559 723 1865 780 predicandil

553 800 670 840 dixit
691 800 833 840 Math.
855 798 1018 839 ultimo
1041 796 1344 852 generaliter:
1371 795 1538 835 Enntes
1559 795 1702 847 igitur
1722 796 1870 835 docete
1912 795 1988 837 164⁰

553 883 708 911 onznes
733 873 900 922 gentes,
933 869 1207 921 baptizantes
1237 879 1332 915 eos,·
1363 865 1553 918 quando
1584 864 1728 918 igitur
1762 877 1868 904 con-

554 939 736 980 ceditur
777 938 1050 992 principale,
1095 935 1366 977 conceditur
1409 932 1727 974 accessorium
1770 932 1869 973 sine

555 1022 650 1063 quo
683 1008 838 1062 ipsum
869 1021 966 1048 non
995 1012 1164 1061 posset
1195 1005 1441 1059 proficere.
1890 1020 1928 1041 10

293 1075 516 1147 ζὲζνζξῑξῑςᾞῇζ
612 1078 743 1130 Item,
774 1077 902 1117 nulla
931 1090 1050 1130 pura
1082 1081 1295 1116 creatura
1327 1078 1610 1126 cooperatur
1637 1085 1742 1113 cum
1762 1073 1870 1114 Deo

293 1146 465 1210 diregofgift
484 1146 519 1172 0f
553 1148 598 1189 in
632 1149 944 1201 producendo
979 1147 1287 1201 quantitatem
1318 1145 1487 1186 mentis
1518 1143 1870 1194 indivisibilem3

556 1217 706 1258 omnis
757 1217 1024 1259 huiusmodi
1073 1222 1291 1271 potestas
1344 1220 1416 1255 est
1461 1213 1658 1267 qualitas
1702 1213 1871 1253 mentis

553 1287 867 1341 indivisibilis,
901 1301 1014 1341 ergo
1045 1287 1171 1327 nulla
1201 1299 1318 1339 pura
1350 1289 1563 1325 creatura
1590 1288 1874 1336 cooperatur

557 1371 661 1397 cum
691 1356 799 1397 Deo
831 1357 878 1397 in
922 1356 1232 1410 producendo
1271 1353 1538 1395 huiusmodi
1571 1358 1872 1406 potestatem,
1892 1356 1929 1389 15

557 1433 604 1467 et
633 1440 722 1480 per
753 1439 1053 1480 consequens
1084 1431 1249 1480 preter
1268 1429 1559 1478 potestatem
1582 1436 1719 1476 quam
1740 1422 1873 1462 Deus

557 1502 684 1537 creat
726 1496 774 1536 in
821 1496 970 1537 anima
1011 1509 1108 1536 non
1153 1501 1225 1536 est
1270 1495 1379 1534 dare
1429 1493 1561 1533 aliam
1612 1493 1765 1532 datam
1816 1493 1872 1532 ab

554 1566 758 1606 homine.
810 1566 1123 1618 Assumptum
1153 1568 1286 1618 patet
1318 1576 1380 1603 ex
1416 1563 1508 1603 hoc
1541 1562 1670 1615 quod
1700 1562 1873 1602 nullum

556 1635 796 1676 materiale
830 1634 926 1688 agit
947 1634 995 1674 in
1014 1632 1333 1685 immateriale,
1365 1637 1418 1673 ut
1440 1631 1554 1672 dicit
1575 1630 1873 1684 Augustinus

555 1705 657 1746 XII
690 1703 804 1758 Sup.
838 1702 955 1745 Gen.
988 1704 1046 1743 ad
1076 1703 1294 1744 litteram:
1333 1701 1493 1743 Omnis
1517 1704 1778 1754 potentatus
1810 1703 1874 1741 est
1891 1714 1932 1735 20

556 1775 818 1816 substancia
868 1774 1142 1823 materialis,
1198 1772 1344 1826 igitur
1398 1784 1494 1812 non
1548 1769 1772 1824 imprimit
1826 1769 1874 1810 in

560 1845 757 1886 animam
790 1843 1080 1897 spiritualem
1110 1841 1379 1883 huiusmodi
1409 1845 1711 1895 potestatem.

616 1913 851 1964 Similiter,
895 1914 1021 1954 nulla
1050 1925 1170 1966 pure
1205 1917 1415 1952 creatura
1454 1915 1739 1963 cooperatur
1771 1922 1875 1949 cum

557 1985 666 2025 Deo
697 1984 788 2024 nisi
818 1989 871 2024 ut
903 1983 1002 2023 eius
1026 1995 1266 2035 organum,
1301 1981 1387 2022 sed
1408 1980 1542 2021 Deus
1563 1993 1659 2020 non
1679 1978 1876 2032 requirit

560 2060 822 2095 creaturam
864 2059 916 2093 ut
959 2064 1187 2105 organum
1229 2050 1278 2091 in
1320 2049 1643 2103 produccione
1687 2048 1876 2089 subdita
1891 2051 1931 2084 25

557 2124 694 2165 huius
726 2121 1026 2164 indivisibilis
1060 2119 1295 2174 qualitatis
1326 2119 1494 2173 pocius
1528 2132 1666 2172 quam
1695 2118 1743 2158 in
1768 2130 1873 2171 pro-

561 2193 793 2234 duccione
836 2191 1008 2245 gracie,
1056 2204 1160 2231 cum
1209 2190 1302 2229 hoc
1353 2187 1680 2242 superflueret,
1730 2187 1877 2240 igitur

562 2268 776 2304 creatura
816 2275 913 2302 non
957 2259 1286 2313 comproducit
1331 2272 1434 2299 cum
1464 2258 1573 2298 Deo
1609 2255 1877 2297 huiusmodi

562 2333 845 2386 qualitatem.

289 2412 529 2475 ca‘ffigtpeffiefer
620 2401 854 2454 Similiter,
887 2399 1046 2455 posito
1071 2399 1201 2453 quod
1233 2398 1450 2439 dominus
1472 2410 1597 2451 papa
1620 2395 1878 2437 committat
1892 2399 1934 2433 30

301 2482 457 2544 au1115rity
477 2489 516 2509 on
560 2476 847 2526 potestatem
889 2484 978 2524 per
1020 2469 1171 2509 bullas
1213 2468 1262 2509 in
1293 2467 1514 2521 Angliam
1548 2467 1694 2507 Petro
1734 2465 1875 2506 archi-

350 2522 465 2551 omers,
563 2542 793 2595 episcopo
827 2541 885 2581 ad
917 2539 1257 2580 absolvendum
1279 2537 1474 2581 Paulum
1502 2535 1800 2576 criminosum
1830 2534 1877 2575 in

635 2721 675 2741 11.
698 2713 720 2740 B
740 2712 771 2739 in
792 2719 907 2747 marg.:
927 2719 960 2746 3.
1038 2710 1156 2738 12-15.
1182 2709 1255 2738 AB:
1282 2708 1487 2745 quantitatem
1506 2723 1540 2727 —
1556 2706 1760 2743 producendo
1781 2705 1875 2734 deest.

562 2760 596 2787 In
617 2759 686 2786 cod.
712 2760 741 2786 A
765 2759 796 2786 in
817 2766 915 2793 marg.
936 2758 995 2785 alia
1016 2765 1109 2784 manu
1136 2756 1271 2784 additur.
1345 2763 1391 2783 21.
1414 2755 1452 2782 B:
1473 2754 1658 2790 inprimerit.
1733 2752 1782 2781 23.
1803 2752 1825 2780 B
1845 2752 1876 2779 in

564 2814 679 2841 marg:
699 2810 732 2838 4.
807 2804 856 2832 25.
877 2805 921 2832 A:
943 2804 1056 2831 subita.
1129 2802 1180 2830 30.
1202 2802 1223 2830 B
1243 2802 1275 2830 in
1293 2809 1407 2837 marg:
1428 2802 1459 2829 5.

634 2912 663 2944 7.
692 2901 810 2935 Matth.
828 2902 978 2943 XXVIII,
1003 2912 1052 2944 19.
1150 2910 1203 2932 20.
1231 2901 1278 2932 St.
1296 2899 1482 2941 Augustini
1502 2899 1594 2940 Opp.
1615 2904 1701 2930 tom.
1721 2898 1774 2938 III,
1798 2907 1824 2931 1.
1844 2908 1876 2939 p.
