2078 3338
584 271 641 301 ηις
669 269 950 301 P‹)'1“}·*.s‘1‘A'l'}‹2
979 269 1107 301 mmm
1712 270 1793 310 399

244 374 508 427 Capitulum
557 375 816 414 secundum
862 373 1009 414 obicit
1045 373 1296 427 tripliciter
1336 379 1383 413 et
1417 373 1505 413 dis-

185 444 341 496 solvit,
374 444 525 497 primo
560 445 727 484 suadet
759 443 1017 497 tripliciter,
1052 445 1178 496 quod
1201 456 1339 483 nemo
1363 444 1507 482 habet

183 519 473 566 potestatem
514 515 571 553 ad
608 513 872 553 faciendum
912 513 1033 553 aliud
1078 513 1168 553 nisi
1207 513 1336 566 quod
1374 513 1507 552 Deus

182 583 383 623 intendit
440 584 568 636 quod
611 583 762 633 faciat,
809 584 938 636 quod
984 583 1203 623 coneedit
1265 583 1507 623 declarans

152 657 388 704 5sensum,
435 658 482 692 et
526 653 764 705 quomodo
803 658 1020 705 potestas
1060 652 1163 692 talis
1203 653 1418 705 perditur
1449 654 1507 693 ad

183 734 278 760 non
311 721 520 774 gradum.
575 720 798 762 Secundo
833 721 1046 761 obiciens
1086 722 1145 761 cle
1178 727 1415 774 potestate
1446 722 1506 762 fa-

186 790 339 830 ciendi
371 791 591 831 miracula
624 791 834 831 ostendit
874 790 986 843 quid
1021 797 1094 831 est
1136 791 1420 841 miraculum,
1462 798 1508 832 et

185 873 277 899 non
322 866 486 913 potest
536 868 748 901 creature
794 867 843 900 ut
874 861 979 900 talis
1034 867 1321 913 competere⁷
1365 862 1509 902 docet

187 931 426 982 quomodo
461 936 533 970 est
567 931 625 970 de
660 930 892 970 miraculis
934 931 1254 983 senciendum,
1293 932 1506 971 secundo

67 1002 147 1037 263’0
185 999 508 1053 principaliter
548 1000 690 1040 docet
724 1000 965 1053 quomodo
1000 999 1308 1040 senciendum
1338 1000 1508 1054 estjde

184 1073 424 1121 potestate
448 1069 640 1122 spiritus
662 1070 812 1109 sancti
836 1075 883 1109 et
906 1069 1077 1122 gracie,
1104 1075 1149 1109 et
1171 1070 1321 1109 tercio
1339 1069 1508 1110 diffuse

187 1139 395 1179 declarat
446 1140 685 1191 quomodo
732 1140 955 1179 sacerdos
1000 1153 1091 1179 non
1130 1139 1254 1179 tollit
1296 1146 1506 1193 peccata,

186 1209 272 1248 sed
301 1209 409 1248 dum
431 1208 572 1248 fuerit
600 1209 853 1249 conformis
888 1209 1046 1249 divino
1080 1209 1253 1249 iudicio
1287 1211 1507 1262 quodam·

187 1278 325 1318 modo
369 1278 566 1319 remittit
610 1286 657 1319 et
702 1279 907 1319 absolvit
950 1280 1183 1319 hominem
1226 1293 1250 1320 a
1293 1287 1507 1333 peccato,

135 1346 365 1400 15Quarto
419 1349 625 1389 declarat
675 1354 964 1402 potestatem
1018 1350 1409 1390 excomunicandi
1462 1357 1508 1390 et

185 1417 414 1470 puniendi
458 1418 712 1468 subiectos,
758 1426 805 1459 et
844 1419 1008 1472 quinto
1049 1425 1219 1460 tractat
1264 1421 1321 1459 de
1361 1422 1504 1460 modo

187 1487 509 1528 committendi
540 1493 824 1542 potestates,
858 1490 916 1528 de
950 1489 1136 1542 origine
1160 1496 1207 1530 et
1228 1490 1506 1543 perdicione

188 1569 344 1597 earum
379 1564 427 1598 et
458 1571 551 1611 que
584 1558 645 1599 sit
678 1558 764 1598 alia
794 1558 954 1599 maior.

246 1626 510 1680 Capitulum
543 1628 738 1668 tercium
771 1630 946 1682 probat
977 1629 1052 1669 via
1084 1629 1270 1682 triplici,
1303 1629 1431 1682 quod
1459 1629 1507 1670 P.

131 1697 351 1737 2ohabuit
381 1698 632 1750 primatum
663 1699 785 1738 inter
818 1700 1059 1752 apostolos
1098 1699 1250 1752 primo
1285 1698 1509 1751 octuplici

187 1766 463 1807 testimonio
510 1769 754 1820 evangelii,
809 1774 856 1809 et
891 1769 1103 1821 exponit,
1156 1769 1396 1822 quomodo
1441 1781 1508 1807 sa-

186 1838 298 1876 than
351 1837 587 1890 expetivit
618 1843 670 1878 ut
703 1837 927 1877 cribraret
980 1838 1237 1890 apostolos.
1285 1836 1507 1878 Secundo

186 1908 360 1958 probat
390 1907 504 1946 illud
538 1907 762 1960 octuplici
794 1906 1065 1947 testimonio
1099 1906 1329 1947 factorum
1362 1906 1507 1949 Petri.

189 1982 236 2016 et
267 1977 415 2016 tercio
450 1977 675 2030 octuplici
708 1976 979 2017 testimonio
1015 1982 1294 2017 sanctorum.
1328 1975 1507 2028 Quarto

132 2051 304 2087 25vero
336 2047 566 2086 narrando
600 2047 832 2100 triplicem
864 2047 1067 2087 fructum
1101 2046 1238 2086 huius
1265 2046 1509 2086 sentencie

188 2117 394 2157 declarat
446 2118 575 2170 quod
627 2117 799 2157 Petrus
851 2123 1053 2169 propter
1101 2116 1405 2156 humilitatem
1462 2116 1509 2155 in

187 2186 397 2227 moribus
431 2187 717 2227 constitutus
752 2193 824 2227 est
857 2200 881 2226 a
904 2186 1092 2226 Christo
1127 2192 1269 2239 caput
1293 2185 1508 2237 ecclesie,

189 2261 237 2295 et
272 2257 556 2297 declarando
592 2257 831 2310 quomodo
868 2256 1039 2296 Petrus
1081 2256 1374 2309 precellebat
1399 2255 1507 2304 fide,

186 2326 445 2367 humilitate
480 2333 528 2367 et
572 2327 779 2378 caritate,
820 2327 1027 2365 declarat
1064 2327 1303 2379 quomodo
1335 2325 1508 2365 Petrus

133 2402 174 2433 1³0
188 2396 404 2447 Johanne
436 2397 586 2451 magis
620 2397 863 2437 dilexerat.

249 2467 512 2520 Capitulum
536 2472 750 2520 quartum
774 2467 980 2506 declarat
1001 2465 1150 2518 primo
1187 2466 1316 2518 quod
1335 2465 1508 2505 Petrus

188 2550 282 2576 non
327 2539 477 2577 solum
522 2537 707 2589 accepit
737 2537 865 2576 illum
897 2535 1145 2588 primatum
1186 2549 1272 2588 pro
1306 2548 1356 2574 se
1389 2535 1508 2587 ipso,

191 2607 275 2646 sed
318 2620 405 2660 pro
452 2606 550 2647 eius
590 2606 775 2646 vicariis
816 2605 1184 2645 succedentibus
1222 2605 1264 2644 in
1309 2604 1508 2644 ecclesia

188 2676 426 2719 militante.
479 2676 701 2717 Secundo
749 2677 955 2716 declarat
999 2676 1140 2728 quod,
1186 2675 1306 2714 sicut
1337 2675 1507 2714 Petrus

133 2749 172 2783 35
191 2747 361 2786 exhinc
398 2746 486 2787 fuit
517 2760 605 2800 per
644 2759 695 2786 se
734 2745 903 2786 Christi
936 2745 1149 2794 vicarius,
1208 2745 1335 2797 quod
1375 2757 1507 2784 suum

261 2868 310 2888 22.
333 2860 451 2889 Cedat
474 2864 502 2888 el
522 2864 666 2896 erpelwzl
767 2867 815 2895 29.
838 2859 876 2886 ss:
899 2862 929 2885 el
948 2860 1092 2887 declaret.
1190 2857 1238 2893 34.
1262 2857 1390 2889 Petrum
1412 2860 1452 2885 A:
1475 2857 1507 2884 P.

191 2908 235 2935 sic
256 2912 283 2935 et
303 2908 334 2935 in
359 2916 439 2943 seqq-
