2078 3338
266 279 354 307 CAP.
370 269 426 326 v.]
658 283 716 313 DE
743 282 1023 314 Po‘sEsTATE
1050 284 1179 315 PAPE.

264 386 453 426 minium
503 385 682 436 Christi,
732 386 839 439 quia
883 386 1126 439 spirituale
1170 386 1270 437 fuit,
1322 388 1434 428 nulli
1478 402 1579 441 per-

264 455 467 496 feccioni
480 455 879 508 incompossibile,
904 455 992 496 fuit
1005 456 1285 509 perfeccius.
1310 456 1423 497 Cum
1438 457 1582 511 igitur

265 526 521 565 secundum
558 525 714 578 legem
758 525 958 566 ecclesie
996 525 1118 565 XIV
1151 540 1193 579 q.
1227 526 1271 565 V
1308 526 1512 579 Denique
1541 529 1583 569 si

149 596 226 630 181¹³
263 606 353 637 non
389 598 536 647 potest
579 595 800 636 sacerdos
844 608 939 635 non
984 595 1129 636 debet
1177 595 1244 635 illi
1271 593 1275 651 Ι
1305 596 1460 637 officio
1505 598 1583 637 vel

233 665 350 706 5arti
393 665 655 714 intendere,
706 678 794 718 per
837 678 973 718 quam
1017 665 1228 718 sequitur
1273 665 1581 707 deterioracio

264 734 483 788 proximi,
527 733 716 774 videtur
767 734 895 787 quod
945 747 1041 774 non
1093 734 1271 774 debent
1332 735 1581 776 intendere

265 803 546 858 proprietati
592 803 730 844 civili.
783 802 834 844 Si
878 803 999 843 enim
1051 803 1351 845 renunciacio
1404 810 1582 859 tempo-

265 873 426 914 ralium
470 886 558 926 per
589 872 710 913 viam
744 872 999 913 elemosine
1038 873 1098 914 sit
1129 873 1344 926 perfecta
1373 874 1422 914 in
1453 875 1584 927 laico,

265 943 409 983 multo
453 941 601 996 magis
644 942 692 982 in
737 942 922 983 clerico.
977 942 1048 982 Illi
1091 942 1236 996 igitur
1283 943 1361 996 qui
1406 949 1585 984 tantum

214 1026 251 1046 ιο
265 1012 636 1065 imperfecerunt
656 1011 815 1063 laicos,
847 1012 1144 1052 remitterent
1164 1012 1255 1054 illis
1278 1026 1361 1054 sua
1383 1013 1586 1054 dominia

268 1095 329 1121 ex
362 1094 501 1122 causa
530 1081 788 1134 multiplici.
844 1080 1008 1123 Omnis
1041 1081 1174 1134 enim⁷
1219 1082 1299 1135 qui
1342 1095 1393 1123 se
1424 1096 1586 1136 regem

267 1150 391 1197 facit,
417 1164 504 1204 per
527 1151 656 1204 quod
672 1150 1009 1191 diminueretur
1023 1150 1285 1204 imperium,
1310 1152 1588 1193 contradicit

268 1220 428 1262 cesari.
464 1219 671 1274 Oportet
701 1219 847 1273 igitur
879 1220 1007 1274 quod
1038 1221 1299 1274 temporale
1332 1222 1586 1262 dominium

266 1295 414 1343 ponat
456 1290 565 1343 plus
609 1289 993 1343 imperfeccionis
1026 1303 1163 1343 quam
1195 1290 1509 1343 perfeccionis
1540 1291 1588 1331 in

215 1359 451 1400 15c1erico.
504 1358 740 1408 Similiter,
785 1360 907 1399 ultra
938 1359 1036 1399 vite
1079 1359 1347 1401 necessaria
1384 1373 1480 1400 non
1516 1366 1588 1401 est

266 1428 508 1483 perfeccio
552 1428 600 1468 in
643 1428 803 1468 mundi
848 1428 1044 1481 diviciis,
1089 1429 1177 1470 nisi
1216 1429 1274 1469 ad
1313 1443 1391 1470 eas
1426 1430 1585 1472 debite

266 1499 588 1552 regulandum,
641 1499 726 1538 sed
775 1499 866 1538 hoc
919 1498 1125 1539 officium
1180 1504 1253 1540 est
1311 1499 1510 1540 alienum
1563 1513 1587 1539 a

268 1568 454 1621 clerico,
484 1567 631 1622 igitur
654 1573 702 1608 et
733 1569 1153 1622 superhabundans
1185 1569 1446 1622 possessio,
1469 1570 1590 1610 sicut

269 1638 412 1678 docet
441 1638 705 1691 Apostolus
737 1637 885 1679 Thim.
914 1638 998 1679 VI.
1028 1638 1268 1693 Regimen
1302 1639 1422 1679 enim
1456 1639 1587 1693 spiri-

213 1706 394 1746 2otuale
439 1711 487 1746 et
530 1706 742 1759 regimen
783 1707 1044 1759 corporale,
1090 1707 1212 1747 sicut
1251 1712 1299 1747 et
1331 1708 1587 1761 occupacio

271 1790 445 1829 eorum,
477 1780 641 1816 mutuo
675 1789 725 1817 se
756 1777 1008 1818 retardant.
1040 1776 1103 1816 Et
1129 1777 1235 1817 hinc
1259 1777 1420 1817 dicunt
1442 1778 1590 1819 sancti

270 1846 398 1899 quod
432 1845 602 1886 divicie
635 1850 744 1886 sunt
775 1846 963 1899 pondus
997 1846 1160 1887 anime.
1193 1846 1254 1886 Et
1286 1852 1509 1900 quantum
1533 1848 1590 1887 ad

271 1915 570 1957 securitatem
601 1916 865 1956 habendam
899 1921 948 1956 et
971 1916 1146 1956 clerum
1174 1916 1589 1970 multiplicandum,

270 1991 404 2039 patet
446 1986 575 2039 quod
617 1985 695 2025 illa
737 1985 897 2026 mundi
939 1985 1217 2027 insecuritas
1252 1991 1325 2027 est
1355 1986 1592 2027 meritoria

216 2062 255 2092 25
273 2060 320 2095 et
350 2054 595 2109 pertinens
617 2054 790 2096 Christi
811 2054 1054 2108 discipulo,
1087 2060 1138 2095 ut
1169 2060 1304 2108 patet
1334 2056 1479 2096 Math.
1505 2056 1590 2096 VI.

272 2125 437 2165 Mundi
470 2130 624 2165 autem
657 2125 887 2166 securitas
921 2130 994 2166 est
1024 2125 1166 2165 fallax
1190 2131 1238 2166 et
1258 2125 1522 2180 irreligiosa
1545 2131 1592 2166 et

273 2195 423 2236 solum
457 2194 732 2237 affectabilis
763 2194 1067 2248 imperfectis,

329 2265 404 2304 Ex
435 2264 538 2305 istis
571 2270 736 2318 quarto
761 2264 1011 2319 colligitur,
1047 2278 1151 2305 cum
1173 2264 1372 2318 quilibet
1399 2278 1461 2305 ex
1481 2266 1589 2318 lege

274 2333 476 2374 caritatis
510 2334 654 2376 debet
687 2338 915 2387 appetere
936 2334 1084 2375 maius
1116 2336 1305 2385 bonum,
1339 2335 1422 2375 sed
1445 2334 1591 2375 maius

218 2411 258 2442 30
273 2407 448 2446 bonum
492 2403 617 2444 foret
660 2408 753 2444 tam
798 2405 923 2445 clero
968 2417 1105 2458 quam
1142 2403 1284 2455 laicis,
1329 2404 1457 2457 quod
1488 2403 1593 2444 laici

276 2478 568 2526 occuparent
611 2478 758 2514 totam
804 2473 1075 2514 civilitatem
1121 2473 1345 2514 secularis
1391 2473 1594 2523 dominii,

274 2543 463 2584 videtur
514 2544 642 2597 quod
693 2543 851 2584 clerici
906 2557 967 2583 ex
1019 2542 1225 2584 caritatis
1274 2542 1452 2597 regulis
1503 2544 1595 2583 hoc

276 2618 509 2667 optarent.
542 2612 642 2666 Ipsi
674 2613 795 2653 enim
827 2613 986 2654 forent
1019 2613 1192 2654 exinde
1223 2613 1512 2653 exonerandi
1549 2618 1596 2652 et

275 2683 399 2736 layci
419 2683 577 2723 forent
600 2683 722 2724 circa
742 2684 928 2736 laycum
952 2683 1158 2723 officium
1184 2682 1231 2723 in
1255 2682 1595 2736 temporalibus

222 2757 261 2789 35
276 2752 517 2793 meritorie
550 2753 782 2807 occupati,
821 2754 1058 2807 quomodo
1088 2753 1232 2806 igitur
1269 2766 1364 2793 non
1397 2753 1597 2793 dictaret

352 2905 380 2936 3.
407 2904 542 2935 Decreti
569 2904 729 2936 Secunda
755 2914 844 2946 pars,
872 2914 976 2935 causa
1002 2904 1088 2942 XIV,
1117 2914 1149 2945 q.
1170 2904 1211 2946 V⁷
1240 2914 1312 2945 cap.
1341 2904 1381 2934 X.

1415 2959 1457 2992 ὁ*

1638 594 1705 621 The
1725 594 1827 630 clergy

1679 629 1790 656 should

1644 671 1697 691 not
1718 668 1826 698 accept

1629 706 1644 725 a
1665 699 1720 733 gift
1739 699 1841 726 which

1638 733 1754 772 injures
1774 735 1825 760 the

1685 776 1780 803 ngcr.

1666 1403 1769 1431 There
1789 1403 1815 1430 is

1625 1447 1664 1466 no
1686 1439 1854 1474 perfection

1619 1474 1648 1501 in
1670 1474 1782 1500 wealth
1803 1481 1873 1500 save

1620 1509 1650 1536 in
1672 1508 1820 1543 ordering
1839 1508 1862 1535 it

1623 1543 1778 1579 properly,
1801 1544 1853 1570 but

1617 1578 1678 1606 this
1698 1578 1724 1605 is
1744 1583 1797 1605 not
1817 1579 1867 1605 the

1644 1614 1718 1647 duty
1738 1614 1772 1640 of
1787 1613 1838 1640 the

1684 1649 1786 1683 clergy

1641 2277 1712 2304 who
1733 2277 1845 2304 should

1617 2312 1717 2339 desire
1737 2312 1774 2338 all
1796 2312 1864 2339 civil

1633 2348 1697 2374 rule
1716 2351 1747 2373 to
1769 2347 1805 2373 be
1825 2346 1856 2373 in

1665 2382 1715 2409 lhe
1736 2381 1818 2417 laity.
