2078 3338
233 290 247 317 ¹
259 289 311 328 54
957 282 1183 318 J'OHANle
1211 282 1399 315 WYCLIF
1633 270 1741 328 [CAP.
1768 279 1837 309 vn-

517 394 664 430 tatem
697 392 889 428 coactus
928 387 1193 441 susciperet
1230 400 1348 427 onus
1379 392 1474 427 tam
1506 387 1698 427 arduum
1733 399 1837 427 cum

513 457 786 499 intencione
828 457 1033 498 faciendi
1075 470 1198 511 opus
1242 456 1552 510 evangeliste,
1604 456 1839 497 subducta

516 527 775 569 affeccione
790 527 1123 582 prosperitatis
1145 532 1334 567 terrene
1357 532 1404 567 et
1424 539 1513 579 per
1536 539 1838 580 consequens

516 610 621 637 cum
658 597 839 639 timore.
891 597 1009 637 Inde
1048 595 1359 637 distinccione
1391 594 1481 635 XL
1519 596 1608 635 sub
1641 595 1836 636 auctori-

514 672 612 707 tate
642 666 871 718 Jeronimi
903 666 1016 706 dicit
1039 678 1209 706 canon:
1242 665 1345 705 Non
1376 668 1440 706 est
1458 664 1605 717 facile
1634 668 1758 706 stare
1789 665 1869 705 in5

514 738 608 777 loco
652 735 776 777 Petri
819 739 858 777 et
899 736 1025 777 Petri
1074 740 1222 777 tenere
1258 735 1536 786 cathedram,
1589 735 1699 788 quia
1747 745 1837 775 non

513 809 778 846 sanctorum
798 805 895 857 filii
925 808 1030 846 sunt
1072 806 1149 859 qui
1180 808 1325 846 tenent
1354 805 1454 845 loca
1474 807 1738 845 sanctorum
1759 805 1839 845 sed

513 876 591 927 qui
622 879 826 917 exercent
856 888 997 928 opera
1029 887 1199 916 eornm.
1250 874 1566 914 Attendamus
1604 873 1750 927 igitur
1781 874 1841 914 ad

516 958 663 998 opera
712 950 957 999 pastorum
1006 943 1244 998 primitive
1298 943 1498 984 ecclesie
1547 948 1596 984 et
1637 956 1733 984 non
1780 944 1838 983 ad

514 1014 796 1068 temporalia
826 1020 990 1068 preter
1023 1012 1375 1054 ordinacionem
1397 1012 1655 1066 primevam
1678 1026 1741 1053 ex
1761 1012 1841 1066 pia
1857 1025 1897 1047 10

514 1083 788 1137 ignorancia
821 1084 1120 1137 conglobata,
1162 1088 1210 1123 et
1239 1082 1506 1123 videbimus
1545 1095 1607 1122 ex
1645 1082 1840 1123 decreto

516 1153 586 1207 (ut
630 1166 747 1207 sepe
790 1152 987 1207 repecii)
1021 1153 1151 1206 quod
1182 1151 1319 1192 nimis
1369 1151 1502 1192 multi
1551 1151 1841 1192 mendaciter

516 1228 625 1263 sunt
655 1223 835 1277 prelati.
868 1222 986 1263 Ideo
1017 1222 1130 1262 dicit
1151 1220 1356 1275 Spiritus
1378 1221 1533 1275 Apoc.
1555 1220 1641 1275 ΙΙΙ,
1665 1236 1690 1273 9
1725 1235 1838 1275 quo-

514 1293 657 1333 modo
679 1292 747 1333 illi
768 1294 822 1334 de
843 1301 1081 1345 synagoga
1100 1293 1290 1333 sathane
1312 1291 1467 1332 dicunt
1492 1304 1539 1332 se
1559 1304 1652 1333 esse
1677 1291 1841 1333 Iudeos

514 1365 554 1403 et
584 1375 673 1403 non
705 1366 809 1404 sunt
839 1363 919 1404 sed
948 1362 1251 1403 menciuntnr.
1861 1363 1895 1394 15

253 1456 321 1484 The
341 1457 481 1493 mystical
573 1432 844 1473 Redeundo
891 1432 1036 1486 igitur
1086 1432 1144 1472 ad
1196 1429 1556 1485 exposicionem
1607 1430 1840 1484 scripture

225 1492 492 1554 meffinfigsffgsfne
515 1502 759 1543 videamus
797 1503 1058 1543 secundum
1095 1500 1364 1541 mellifluum
1402 1502 1489 1541 sub
1532 1500 1709 1542 cortice
1741 1514 1840 1541 ver-

512 1573 682 1612 borum
730 1575 906 1613 centum
956 1571 1290 1624 qninquaginta
1353 1571 1496 1611 trium
1559 1579 1840 1623 magnorum

509 1642 728 1694 piscium,
781 1641 911 1694 Nam,
949 1647 1001 1682 ut
1031 1640 1183 1694 inquit
1212 1639 1525 1693 Augustinus,
1555 1640 1632 1680 De
1663 1640 1842 1681 Verbis

515 1711 707 1752 Domini
739 1710 970 1753 Sermone
1001 1710 1145 1751 XIV:
1182 1709 1374 1763 Quando
1400 1722 1650 1763 possumus
1680 1711 1735 1750 de
1765 1710 1839 1750 di-
1857 1721 1899 1742 20

514 1782 633 1822 vinis
669 1782 894 1835 operibus,
936 1793 1019 1833 que
1061 1782 1287 1833 leguntur,
1329 1779 1600 1820 intellectum
1644 1780 1842 1820 alicuius

515 1852 688 1892 mistice
718 1851 1076 1904 significacionis
1107 1851 1343 1903 exculpere
1374 1850 1506 1903 quasi
1536 1850 1590 1890 de
1616 1850 1842 1890 abstrusis

515 1922 743 1974 favorum
765 1923 887 1963 cellis
909 1922 1048 1962 mella
1063 1920 1380 1974 producimus.
1411 1919 1485 1961 Vel
1510 1917 1679 1961 Christi
1700 1919 1843 1960 disci·-

508 1993 645 2045 pulos
675 1992 907 2032 imitantes
937 1991 1091 2044 spicas
1111 1990 1326 2032 manibus
1349 1988 1671 2041 confricamus,
1703 1991 1752 2029 ut
1779 1989 1842 2029 ad

510 2070 668 2114 grana
700 2062 860 2102 vitalia
891 2061 940 2101 in
961 2061 1026 2101 eis
1047 2060 1242 2101 latencia
1263 2060 1594 2111 contingamus.
1627 2056 1842 2112 Exponit
1857 2060 1896 2093 25

517 2136 675 2171 autem
717 2130 1018 2184 Augustinus
1061 2128 1332 2169 LXXXIII
1385 2128 1687 2182 questionum
1731 2140 1840 2181 que*

517 2200 673 2241 stione
693 2200 829 2241 LVII
850 2200 980 2241 illum
1001 2213 1245 2240 numerum
1267 2198 1450 2240 seriose
1471 2204 1655 2249 notans⁷
1687 2196 1839 2250 primo

517 2277 722 2323 quatuor
765 2270 939 2325 gradus
983 2275 1132 2311 status
1177 2268 1400 2318 ecclesie3
1451 2267 1603 2321 primo
1649 2265 1771 2306 enim
1816 2279 1842 2306 a

517 2339 816 2393 quaternario
858 2340 1058 2380 resultat
1101 2338 1317 2379 denarius
1362 2338 1449 2378 sub
1496 2349 1589 2390 quo
1641 2334 1842 2376 ecclesia

517 2423 627 2463 ymo
658 2416 760 2451 tota
785 2409 1068 2451 universitas
1092 2408 1372 2450 continetur.
1404 2406 1535 2447 Dicit
1566 2405 1688 2447 enim
1708 2406 1840 2459 Apo·
1857 2409 1899 2441 30

518 2481 668 2520 stolus
698 2479 702 2535 Ι
729 2479 879 2533 prima
911 2479 1014 2520 Cor.
1036 2478 1123 2529 XI,
1156 2493 1181 2530 3
1215 2478 1346 2532 quod
1376 2477 1586 2519 mulieris
1616 2478 1753 2529 capnt
1779 2477 1842 2516 est
1884 2479 1960 2520 199c

515 2550 601 2602 vir,
623 2551 702 2591 sed
719 2550 812 2590 viri
832 2552 969 2603 caput
1000 2551 1063 2590 est
1087 2546 1306 2598 Christus,
1334 2550 1471 2601 capnt
1492 2549 1647 2588 antem
1671 2543 1841 2587 Christi

517 2622 580 2661 est
610 2619 747 2669 Deus,
789 2619 836 2660 in
881 2632 978 2672 quo
1020 2618 1173 2672 gradu
1217 2616 1516 2670 quadruplici
1545 2620 1680 2669 patet
1711 2613 1841 2668 quod

590 2766 639 2795 25.
660 2767 715 2795 AB
735 2768 766 2794 in
788 2775 902 2802 marg:
923 2766 1028 2794 Pisces
1048 2767 1110 2801 153
1129 2765 1205 2801 quid
1223 2766 1362 2802 signant.

591 2852 619 2885 5.
639 2852 722 2894 Cap.
740 2851 779 2884 ΙΙ.
869 2861 921 2884 20.
941 2851 1034 2893 Opp.
1050 2856 1137 2882 tom.
1155 2851 1198 2893 V,
1216 2852 1306 2892 App.
1325 2859 1357 2891 p.
1383 2848 1518 2888 131J32.
1608 2845 1661 2879 26.
1679 2852 1765 2878 tom.
1782 2846 1839 2886 VI,

517 2920 549 2951 p.
579 2909 618 2941 25
647 2909 698 2941 De
723 2916 863 2942 centum
889 2909 1142 2951 quinquaginta
1167 2908 1276 2939 tribus
1304 2906 1472 2948 piscibus.
