2078 3338
254 265 305 303 92
979 262 1210 294 JOHANle
1238 262 1422 294 WYcLiF
1682 252 1792 304 [CAP.
1812 259 1852 287 v.

295 378 345 405 An
368 378 478 417 priests
542 367 589 406 in
621 372 792 407 statum
836 366 1262 420 exproprietarium
1295 365 1454 407 similis
1488 366 1629 407 statui
1666 371 1853 419 aposto-

266 414 354 475 215?ss
359 413 519 483 iiiiidhgr‘ily
541 436 692 475 lorum
723 436 800 475 vel
831 440 1068 475 rectorum
1098 435 1146 475 in
1180 435 1412 475 communi
1438 434 1704 475 vivencium
1736 448 1854 488 pure

323 490 362 509 ⁰¹¹
382 483 470 510 alms.
542 505 601 545 de
648 505 986 555 oblacionibus,
1031 504 1222 545 decimis
1256 510 1303 544 et
1345 504 1542 557 privatis
1575 503 1855 554 elemosinis,

542 573 835 614 uniformitas
880 573 1059 614 faceret
1109 574 1169 613 ad
1221 573 1442 614 decorem
1488 573 1701 624 ecclesie,
1748 573 1856 626 quia

540 642 782 696 pulchrius
814 643 1073 697 pulchriori
1105 642 1326 695 additum,
1357 642 1468 683 facit
1506 648 1656 683 totum
1687 650 1887 697 aggre-5

543 718 703 766 gatum
754 713 995 766 pulchrius
1047 727 1183 766 quam
1240 718 1392 752 totum
1437 712 1590 753 minus
1640 712 1854 765 pulcrum

539 782 747 822 additum
791 782 943 823 minus
986 782 1198 836 pulchro.
1249 782 1389 822 Unde
1420 781 1564 835 igitur
1600 781 1854 823 auctoritas

540 852 760 893 membris
777 852 978 892 ecclesie
1001 852 1068 893 sic
1091 852 1384 907 strangulare
1400 857 1564 892 contra
1587 852 1854 905 exemplum

538 921 616 960 vel
667 920 965 961 autoritatem
997 920 1188 961 Domini
1248 922 1420 960 clerum
1465 935 1610 972 suum,
1662 934 1765 960 cum
1807 920 1855 960 in

539 989 690 1029 veteri
732 995 1017 1031 testamento
1063 1003 1158 1030 non
1201 989 1330 1030 licuit
1375 1003 1505 1029 arare
1534 991 1538 1042 Ι
1565 989 1611 1029 in
1642 991 1770 1029 bove
1808 994 1856 1029 et
1899 994 1975 1029 183d

538 1060 670 1100 asino
713 1072 803 1100 nec
844 1059 974 1099 indui
1007 1059 1292 1100 vestimento
1328 1072 1389 1098 ex
1430 1059 1535 1099 lana
1580 1065 1627 1099 et
1663 1058 1771 1110 lino,
1803 1064 1855 1099 ut

538 1134 672 1182 patet
720 1128 915 1169 Numeri
956 1129 1056 1169 XII
1108 1134 1155 1168 et
1204 1128 1536 1168 Deutronomii
1578 1128 1743 1168 XXII.
1804 1127 1855 1169 Si

538 1197 682 1250 igitur
713 1198 859 1238 levite
893 1203 942 1238 et
973 1198 1248 1239 sacerdotes
1269 1197 1391 1250 legis
1413 1196 1591 1238 veteris
1615 1202 1662 1237 et
1684 1196 1855 1238 Christi

541 1266 760 1320 discipuli
811 1267 1035 1307 vixerunt
1069 1266 1386 1319 conformiter,
1437 1280 1582 1319 quare
1639 1279 1734 1306 non
1787 1266 1854 1306 sic

540 1336 726 1376 viveret
788 1337 941 1378 clerus
987 1338 1224 1390 sequens?
1293 1350 1429 1389 quarn
1490 1335 1854 1376 uniformitatem
1874 1345 1911 1377 15

302 1420 369 1448 The
392 1430 472 1456 pope
540 1405 711 1447 Christi
771 1405 974 1446 vicarius
1037 1406 1183 1446 debet
1242 1405 1466 1458 incipere,
1534 1410 1586 1445 ut
1647 1405 1853 1452 coraula3

265 1455 512 1526 ⁵h212¹<¹adm⁵p⁶itefhe
540 1475 753 1517 Christus
799 1475 920 1516 enim
964 1475 1053 1516 fuit
1094 1476 1234 1515 homo
1266 1475 1592 1528 pauperrimus
1627 1474 1695 1515 sic
1727 1475 1855 1528 quod

538 1558 676 1585 nemo
719 1544 878 1598 potuit
910 1558 1017 1586 esse
1059 1544 1328 1598 pauperior,
1367 1550 1418 1585 ut
1447 1544 1523 1584 hic
1556 1544 1853 1598 supponitur,

539 1615 776 1668 quomodo
809 1614 953 1667 igitur
983 1628 1076 1654 non
1112 1613 1212 1655 eius
1245 1627 1426 1667 sequax
1446 1613 1493 1653 in
1522 1613 1659 1654 terris
1683 1613 1852 1654 similli-

538 1698 654 1734 mus,
688 1698 790 1724 curn
823 1690 1080 1738 paupertas
1110 1684 1189 1724 illa
1220 1690 1357 1725 sonat
1387 1683 1740 1737 perfeccionem
1763 1684 1850 1723 vir·
1868 1700 1910 1722 20

538 1754 651 1794 tutis
673 1754 917 1796 viancium.
934 1753 1067 1795 Sicut
1085 1754 1229 1807 igitur
1252 1753 1665 1807 oportuitPetrum
1685 1753 1733 1793 in
1745 1754 1852 1807 fide,

535 1823 583 1863 in
603 1823 874 1870 humilitate,
890 1824 938 1864 in
954 1824 1146 1864 caritate
1172 1823 1446 1864 evidencius
1468 1822 1602 1876 sequi
1617 1822 1850 1863 Christum

539 1906 599 1932 ex
631 1892 768 1933 dictis
799 1893 846 1933 in
877 1893 971 1933 fine
1002 1893 1136 1933 tercii
1169 1892 1372 1946 capituli,
1409 1891 1477 1933 sic
1509 1897 1702 1946 oportet
1722 1892 1851 1932 Petri

537 1962 759 2002 vicarium
793 1961 927 2015 sequi
957 1962 1124 2015 ipsum.
1157 1961 1254 2003 Sed
1286 1976 1377 2015 que
1398 1961 1519 2002 fides
1547 1966 1622 2001 est
1640 1961 1850 2016 regulam

537 2030 864 2084 perfeccionis,
915 2045 1052 2084 quam
1098 2030 1310 2072 Christus
1352 2030 1566 2082 instituit,
1619 2035 1711 2070 tam
1756 2029 1848 2070 cito
1865 2037 1905 2070 25

536 2105 737 2154 propter
767 2101 990 2140 mundum
1013 2101 1261 2142 deserere?
1294 2100 1386 2141 Vel
1408 2113 1499 2154 que
1521 2099 1754 2140 humilitas
1778 2105 1851 2140 est

538 2170 637 2210 sine
689 2169 971 2210 auctoritate
1026 2169 1197 2211 Christi
1254 2183 1397 2223 supra
1446 2169 1562 2210 alios
1613 2168 1848 2220 mortales,

538 2239 683 2279 eciam
728 2252 872 2292 supra
923 2239 1306 2280 elemosinantem
1359 2238 1632 2280 seculariter
1674 2251 1726 2278 se
1771 2251 1848 2277 ex-

536 2308 733 2348 tollere?
766 2307 883 2348 Nam
906 2308 1026 2349 libro
1049 2309 1119 2349 IV
1141 2308 1253 2348 dicit
1273 2308 1578 2349 Bernhardus
1601 2307 1658 2348 ad
1677 2321 1848 2360 papam

535 2377 814 2430 Eugenium,
847 2383 898 2417 ut
940 2378 1136 2418 recitavi
1171 2378 1407 2431 superius:
1451 2377 1506 2418 In
1541 2377 1642 2430 hiis,
1683 2376 1848 2429 inquit,
1864 2386 1906 2419 30

535 2448 786 2488 successisti
811 2445 1101 2488 Constantino
1133 2460 1222 2488 uon
1249 2447 1397 2488 Petro.
1429 2447 1490 2487 Et
1520 2448 1688 2487 beatus
1719 2446 1847 2497 Jero-

535 2516 697 2569 nimus,
729 2521 780 2556 ut
810 2516 1057 2557 recitatum
1092 2522 1165 2558 est
1194 2516 1334 2557 XCII
1367 2515 1677 2557 distinccione
1716 2514 1847 2567 Olim,

538 2591 585 2625 et
599 2585 737 2626 XCV
760 2585 1070 2627 distinccione
1091 2585 1230 2639 Absit,
1263 2585 1376 2626 dicit
1407 2586 1536 2640 quod
1561 2586 1650 2626 tale
1680 2597 1842 2626 sacra-

607 2732 633 2760 5.
656 2732 771 2761 Codd.:
787 2733 926 2768 pulcras.
1000 2733 1027 2762 8.
1049 2733 1166 2761 Codd.:
1186 2733 1379 2770 stragulare.
1453 2732 1502 2761 28.
1524 2733 1619 2763 Cod,:
1640 2733 1794 2760 eliantem.

608 2817 660 2849 30.
688 2817 772 2858 Cap.
798 2817 854 2849 111.
879 2818 920 2851 V.
947 2828 979 2859 p.
1007 2816 1062 2859 87.
1137 2819 1188 2852 32.
1218 2818 1310 2850 Olim
1336 2833 1379 2845 =
1405 2818 1489 2851 Dist.
1515 2818 1618 2858 XCV,
1645 2827 1717 2859 cap.
1743 2817 1784 2849 V.
1811 2817 1847 2849 In

536 2873 763 2908 distinccione
787 2874 891 2912 Absit
916 2886 1006 2920 quae
1031 2886 1135 2920 supra
1161 2883 1400 2913 memorantur
1425 2887 1496 2911 non
1521 2877 1753 2913 inveniuntur.
