2078 3338
245 238 326 286 248

289 697 347 725 We
367 696 478 724 should

258 733 338 768 obey
356 732 408 759 the
429 739 509 766 pope

276 768 336 795 and
357 767 490 801 prelates

257 802 331 838 only
351 809 384 829 so
404 801 451 829 far
470 809 503 827 as

277 836 329 864 the
368 836 491 863 accord:

274 871 327 899 wit
371 869 486 898 Christ.

293 1482 401 1511 Christ
420 1483 476 1510 has

277 1517 428 1545 ordained
448 1518 498 1545 the

295 1552 419 1581 Schism
439 1557 470 1581 to

248 1588 336 1615 make
355 1587 417 1615 this
432 1587 523 1616 clear.

970 244 1193 276 JOHANNIS
1219 244 1405 276 WYCLIF
1681 229 1787 287 [CAP.
1808 241 1845 268 x.

535 364 626 405 que
667 351 724 391 ad
755 350 891 390 nimis
929 361 1144 402 magnam
1177 349 1595 402 equivocacionem
1632 349 1744 389 fidei
1775 361 1846 389 se-

534 425 801 475 querentur.
824 419 940 459 Ideo
964 424 1056 459 tam
1078 418 1249 471 prelati
1273 418 1352 472 qui
1368 424 1622 459 onerarunt
1633 417 1847 458 homines

534 490 601 531 sic
633 490 787 530 iurare
820 501 957 542 quam
987 487 1052 528 illi
1085 488 1165 541 qui
1197 488 1264 528 sic
1297 487 1709 541 sollempnizarunt
1728 487 1847 527 hanc

536 559 874 608 obedienciam,
928 557 1221 598 discuterent
1274 563 1322 598 et
1373 558 1666 598 declararent
1720 570 1848 597 suam

535 628 825 671 sentenciam
857 641 945 681 pro
977 627 1297 668 instruccione
1333 627 1548 668 ecclesie.
1866 629 1881 660 5

594 697 844 740 Sentencia
882 702 1037 737 autem
1078 697 1307 737 catholica
1346 710 1482 750 quam
1522 710 1639 750 sepe
1669 695 1850 749 repecii

536 775 629 810 stat
669 769 716 809 in
747 768 853 817 isto,
900 767 1029 820 quod
1061 779 1149 806 nec
1184 772 1257 807 est
1291 767 1576 806 credendum
1612 779 1702 806 nec
1734 767 1848 806 obe-

537 838 757 878 diendum
801 849 940 890 pape,
987 835 1233 888 episcopo,
1273 837 1432 876 abbati
1464 836 1542 875 vel
1576 835 1851 888 cuicumque

536 906 764 960 spirituali
809 905 1071 960 preposito⁷
1115 904 1205 945 nisi
1249 906 1308 945 de
1352 911 1527 959 quanto
1568 904 1741 945 dixerit
1774 905 1852 944 vel

535 975 830 1017 mandaverit
850 976 1007 1028 legem
1032 974 1215 1025 Christi,
1250 980 1297 1015 et
1318 988 1407 1028 per
1431 987 1729 1028 consequens
1763 987 1852 1013 nec
1872 987 1910 1008 10

534 1046 729 1087 Urbano
768 1059 857 1086 nec
886 1045 1107 1085 Roberto
1131 1050 1321 1085 tenetur
1341 1045 1494 1086 fidelis
1524 1044 1732 1094 credere,
1764 1043 1854 1084 nisi

538 1116 596 1155 de
641 1120 816 1168 quanto
859 1115 1001 1154 fidem
1046 1114 1280 1167 scripture
1326 1114 1517 1166 dixerit,
1563 1127 1651 1154 nec
1691 1119 1763 1153 est
1794 1114 1852 1153 de

537 1183 807 1225 substancia
837 1183 950 1223 fidei
983 1183 1208 1236 explicite
1243 1184 1437 1224 credere
1471 1184 1667 1223 alterum
1691 1196 1853 1224 eorum

538 1267 644 1295 esse
670 1267 852 1307 papam.
886 1253 1178 1294 Benedictus
1202 1254 1333 1294 Deus
1361 1253 1588 1303 veritatis,
1622 1254 1701 1307 qui
1733 1252 1852 1294 ordi-

536 1324 666 1364 navit
707 1323 843 1363 istam
876 1323 1233 1373 dissensionem,
1278 1329 1329 1363 ut
1360 1322 1535 1363 veritas
1573 1323 1710 1363 huius
1741 1322 1911 1362 fidei15

539 1394 784 1434 elucescat.
808 1392 926 1433 Nam
949 1394 1196 1446 egofidelis
1210 1394 1506 1446 philosophus
1529 1398 1664 1433 extra
1684 1398 1852 1433 utram-

538 1476 629 1516 que
652 1463 844 1503 istarum
860 1463 1069 1516 parcium
1085 1462 1151 1504 sic
1169 1463 1481 1516 opinancium‚
1504 1476 1641 1503 unam
1661 1462 1855 1502 istarum

536 1531 745 1585 parcium
776 1533 865 1572 hec
887 1538 1143 1585 negantem
1177 1533 1234 1571 de
1258 1532 1437 1585 reliqua
1470 1532 1536 1572 sic
1570 1545 1733 1586 arguo3
1767 1544 1855 1571 nec

539 1602 681 1642 credo
736 1603 865 1655 quod
918 1601 1089 1642 evadet
1131 1602 1264 1642 iuxta
1308 1615 1391 1642 sua
1433 1602 1683 1655 principia:
1726 1600 1857 1641 Dicit

540 1672 661 1713 enim
708 1672 837 1726 quod
875 1672 1094 1713 subditus
1140 1677 1330 1712 tenetur
1368 1673 1454 1712 sub
1493 1685 1616 1725 pena
1647 1670 1856 1711 mortalis
1873 1681 1914 1703 20

539 1741 735 1783 obedire
768 1755 893 1795 papa
924 1755 1010 1782 suo
1042 1742 1089 1782 in
1128 1741 1505 1795 quibuscumque
1547 1740 1724 1781 neutris
1765 1753 1856 1794 que

537 1812 642 1865 ipse
675 1811 978 1854 mandaverit.
1018 1811 1133 1852 Cum
1165 1811 1309 1864 igitur
1340 1811 1472 1852 iuxta
1511 1825 1595 1852 sua
1625 1810 1858 1864 principia

539 1881 690 1922 omnis
735 1894 877 1922 verus
921 1894 1045 1935 papa
1089 1882 1271 1921 habens
1314 1880 1668 1921 iurisdicionem
1714 1893 1858 1933 super

538 1956 688 1991 totam
734 1950 980 1992 ecclesiam
1030 1950 1237 2004 precipit
1279 1951 1358 1991 vel
1410 1951 1556 1991 debet
1606 1949 1856 2003 precipere

541 2020 737 2061 cuilibet
779 2021 991 2060 membro
1040 2020 1153 2071 eius,
1199 2026 1251 2061 ut
1295 2021 1502 2061 declinet
1537 2020 1770 2073 reliquum
1807 2023 1913 2059 ut25

541 2089 996 2130 excomunicandum
1028 2090 1385 2141 Antichristum‚
1418 2096 1552 2144 patet
1584 2089 1713 2143 quod
1736 2093 1856 2129 utra-

541 2173 633 2213 que
677 2165 808 2199 secta
851 2164 1041 2200 tenetur
1085 2160 1281 2200 credere
1315 2165 1668 2213 consequenter
1700 2160 1758 2199 de
1790 2172 1856 2198 re-

539 2228 679 2281 liqua,
719 2229 847 2281 quod
885 2228 947 2269 sit
979 2243 1003 2269 a
1033 2229 1127 2269 fide
1162 2228 1333 2269 Christi
1372 2228 1679 2283 scisfinatica.
1731 2227 1860 2268 Dicit
1899 2232 1980 2269 ηδ’)

542 2297 665 2338 enim
702 2303 902 2351 utraque
942 2304 1072 2338 secta
1105 2300 1234 2351 quod
1267 2298 1417 2338 omnis
1458 2298 1701 2338 subiectus
1732 2310 1858 2351 pape

542 2368 630 2407 sub
676 2380 801 2420 pena
843 2367 1030 2421 peccati
1072 2367 1281 2408 mortalis
1327 2368 1475 2408 debet
1519 2367 1675 2408 facere
1720 2380 1857 2407 omne
1876 2376 1918 2408 30

541 2436 772 2491 possibile
824 2436 915 2478 sibi
967 2437 1095 2490 quod
1153 2450 1276 2490 papa
1329 2450 1440 2477 suus
1493 2436 1669 2478 virtute
1727 2449 1859 2476 sacre

543 2505 823 2546 obediencie
869 2505 960 2548 sibi
990 2505 1293 2555 mandaverit,
1341 2515 1388 2547 et
1430 2519 1518 2559 per
1563 2518 1859 2558 consequens

541 2575 648 2629 ipso
681 2576 930 2616 mandante
962 2582 1013 2616 ut
1045 2576 1205 2616 veniat
1249 2576 1353 2627 sibi,
1387 2581 1438 2616 ut
1470 2577 1551 2616 det
1579 2575 1668 2617 sibi
1691 2575 1859 2616 medie-

616 2836 636 2855 1.
654 2828 966 2856 Amenervacionem.
1044 2828 1214 2856 1S.C0<1d.:
1230 2829 1533 2864 anain-opinantium
1545 2828 1643 2857 twice.
1703 2837 1744 2864 19.
1759 2828 1858 2857 Codd.

542 2873 571 2900 in
594 2881 708 2908 marg:
737 2873 925 2902 Obediencia
952 2874 983 2902 in
1004 2874 1131 2902 neutris.
1208 2882 1254 2910 27.
1280 2874 1397 2903 Codd.:
1419 2875 1754 2903 excommunicatt'vum.
