2078 3338
230 259 313 286 220
954 255 1179 288 JOHANNIS
1206 255 1392 288 WYCI..1F
1656 243 1829 300 [mmlx.

519 361 801 401 conversacio
846 361 893 400 in
937 361 1041 401 celis
1085 364 1159 413 est,
1216 364 1363 413 patet,
1409 361 1538 413 quod
1582 359 1647 400 sic
1693 374 1829 400 orans

517 441 651 470 mons
685 429 804 470 altus
838 429 1042 470 efficitur
1078 443 1165 483 per
1195 429 1350 469 Deum
1383 429 1472 469 sibi
1503 429 1607 483 ipsi,
1642 434 1689 470 et
1719 429 1828 469 ideo

516 498 708 539 Veritas
748 499 926 539 docens
964 512 1052 539 nos
1090 504 1272 552 patrem
1312 512 1448 539 orare
1480 498 1645 539 Matth.
1675 498 1758 549 VI,
1791 513 1829 550 9,

517 569 659 609 docet
691 568 1125 609 consideracionem
1157 573 1365 609 nostram
1396 568 1604 621 incipere
1634 569 1693 608 ab
1727 568 1830 608 alti-

518 638 681 678 tudine
710 636 714 693 Ι
744 638 944 678 adorati:
976 638 1118 678 Pater
1148 642 1311 687 noster,
1356 639 1431 690 qm'
1463 651 1508 678 es
1538 638 1713 682 incelis
1742 642 1828 679 eto.
1872 641 1953 672 216⁶*

228 704 504 774 'Qetlssguffigssffiffge
575 706 670 748 Sed
694 712 915 760 quantum
939 708 997 747 ad
1019 708 1245 761 templum
1260 707 1536 747 Yudeorum
1558 707 1829 758 Jerusalem,

326 774 408 803 ⁵0⁸¹·
519 782 714 830 oportet
755 777 950 817 adorare
994 777 1042 817 in
1073 777 1287 827 veritate,
1332 777 1398 817 sic
1443 778 1572 830 quod
1603 777 1698 818 vita
1735 790 1830 817 non

519 846 759 887 discordet
795 846 1084 887 mendaciter
1123 859 1146 886 a
1181 846 1422 900 peticione
1456 852 1504 887 et
1536 846 1686 887 animo
1721 847 1830 886 ado-

518 916 677 966 rantis,
712 922 759 956 et
790 921 903 956 tunc
933 916 987 956 fit
1018 916 1244 969 templum
1266 915 1494 956 infinitum
1518 916 1706 956 domino
1728 929 1831 969 pre-

519 985 724 1025 stancius
769 999 906 1038 quam
949 985 1143 1026 basilica
1185 984 1472 1036 Yudeorum,
1516 985 1624 1038 quia
1655 985 1688 1026 Ι.
1725 985 1829 1026 Cor.
1852 1000 1889 1021 10

517 1053 601 1104 III,
632 1058 678 1095 16
713 1055 824 1095 dicit
846 1055 1126 1108 Apostolus:
1158 1057 1376 1108 templum
1398 1055 1588 1096 Domini
1610 1059 1684 1107 est,
1716 1057 1833 1107 quod

518 1126 622 1165 estis
643 1137 729 1165 vos.
754 1123 953 1177 Quando
972 1125 1093 1165 enim
1118 1130 1190 1165 est
1205 1125 1379 1166 veritas
1400 1125 1447 1165 in
1463 1124 1832 1165 conversacione

520 1200 567 1234 et
599 1194 773 1235 veritas
809 1194 856 1234 in
894 1194 1148 1247 peticione,
1194 1208 1286 1247 que
1325 1194 1513 1248 quidem
1546 1194 1720 1235 veritas
1760 1200 1830 1235 est

517 1263 779 1317 adequacio
805 1264 861 1304 ad
893 1264 1182 1304 intellectum
1216 1264 1436 1313 divinum,
1470 1269 1579 1304 tunc
1611 1277 1672 1304 ex
1694 1264 1833 1317 plena

519 1333 848 1374 conformitate
887 1333 1120 1374 voluntati
1165 1333 1336 1383 divine,
1383 1347 1521 1373 orans
1565 1333 1632 1373 sic
1676 1337 1888 1376 mente15

521 1408 568 1443 et
591 1403 757 1456 spiritu
781 1403 1081 1444 constituitur
1102 1404 1328 1456 templum
1352 1404 1457 1453 Dei,
1491 1408 1539 1444 et
1569 1409 1679 1445 tunc
1713 1403 1834 1443 sicut

520 1472 632 1512 dicit
656 1473 793 1522 digne
815 1474 1010 1526 primam
1033 1472 1320 1526 peticionem
1344 1473 1577 1513 oracionis
1601 1472 1835 1513 dominice

518 1543 625 1582 Deo
671 1543 792 1595 patri
835 1548 1036 1596 propter
1073 1543 1340 1583 intellectus
1375 1542 1720 1592 sublimitatem,
1766 1542 1833 1583 sic

519 1617 681 1665 potest
726 1611 869 1666 digne
916 1613 1073 1653 dicere
1119 1614 1233 1653 duas
1271 1612 1537 1665 peticiones
1577 1618 1832 1666 sequentes

521 1681 577 1721 ad
600 1682 831 1722 secundas
854 1695 1083 1736 personas
1107 1682 1230 1732 alias,
1265 1695 1368 1722 cum
1396 1682 1552 1723 taliter
1573 1681 1832 1722 difformem
1851 1694 1891 1716 20

522 1757 715 1804 oportet
745 1752 866 1792 trahi
899 1752 956 1792 ad
976 1765 1189 1806 regnum,
1222 1751 1303 1792 ubi
1332 1752 1419 1793 erit
1440 1752 1653 1805 perfecte
1676 1752 1832 1792 volun-

518 1821 627 1861 tatis
659 1821 865 1862 increate
889 1827 937 1861 et
959 1828 1115 1862 create
1141 1821 1457 1863 conformitas.
1492 1822 1606 1862 Ideo
1636 1835 1834 1868 oramus,

522 1891 650 1943 quod
692 1892 807 1932 sicut
849 1893 894 1932 in
940 1893 1029 1932 celo
1074 1897 1146 1932 est
1183 1892 1325 1945 plena
1357 1891 1659 1932 conformitas
1692 1892 1833 1932 sicin

520 1964 643 2001 terra
669 1960 729 2001 sit
750 1961 1175 2014 proporcionaliter
1205 1961 1504 2002 conformitas
1528 1962 1833 2003 voluntatum.

520 2030 580 2070 Et
611 2035 745 2083 patet
777 2043 837 2070 ex
862 2030 953 2071 ista
977 2030 1151 2084 duplici
1172 2030 1360 2071 racione
1385 2030 1560 2082 orandi,
1595 2030 1832 2084 quomodo
1850 2033 1890 2065 25

520 2099 822 2140 verificantur
873 2101 1062 2141 decreta
1107 2100 1416 2141 distinccione
1460 2100 1568 2141 XL:
1620 2100 1721 2141 Non
1772 2103 1835 2140 est

520 2169 666 2220 facile
699 2182 802 2209 cum
837 2169 1021 2209 duobus
1055 2169 1271 2223 capitulis
1305 2169 1612 2223 sequentibus
1642 2175 1689 2210 et
1711 2168 1834 2222 capi=

521 2238 640 2279 tulo:
673 2238 810 2280 Multi
840 2242 944 2279 sunt
975 2241 1229 2280 sacerdotes
1262 2252 1365 2279 cum
1399 2238 1465 2279 eis
1500 2239 1740 2280 similibus.
1780 2239 1835 2279 In

522 2308 693 2361 quibus
742 2309 881 2361 plane
936 2309 1133 2349 docetur
1186 2308 1313 2362 quod
1363 2309 1496 2349 locus
1550 2308 1833 2362 quicumque

521 2377 641 2418 sicut
693 2382 740 2417 et
790 2383 1131 2418 sacramentum
1184 2379 1261 2418 vel
1311 2377 1426 2419 ritus
1480 2377 1715 2418 sensibilis
1761 2383 1834 2418 est
1849 2381 1893 2414 30

523 2446 792 2487 adoracioni
843 2447 921 2488 isti
965 2453 1012 2488 et
1055 2447 1404 2501 preeminencie
1447 2460 1655 2501 persone
1710 2447 1835 2500 apud

592 2642 620 2671 6.
642 2642 742 2670 Codd.
763 2643 793 2670 in
815 2651 929 2678 marg:
955 2643 1107 2678 Templum
1129 2643 1189 2671 Dei
1210 2644 1316 2671 anima
1335 2646 1455 2671 sancta.
1529 2642 1654 2677 23—24.
1676 2643 1714 2670 ss:
1741 2643 1784 2670 sic
1804 2643 1833 2670 in

522 2692 609 2718 terra
625 2689 666 2717 sit
679 2689 967 2725 proporcionaliter
986 2689 1189 2726 conformitas
1214 2690 1308 2717 deest.
1385 2689 1431 2718 28.
1455 2690 1553 2718 Codd.
1577 2690 1606 2717 in
1628 2697 1740 2725 marg:
1768 2689 1833 2716 Ho-

521 2736 611 2764 minis
629 2736 791 2764 sanctitati
806 2737 889 2764 locus
908 2739 953 2764 est
972 2736 1181 2772 impertinens

594 2818 645 2855 26.
672 2820 757 2863 Cap.
789 2820 826 2862 11,
863 2830 935 2863 cap.
975 2820 1016 2852 111
1053 2819 1126 2853 Nos
1161 2820 1226 2863 qui
1256 2828 1451 2863 presumus
1487 2826 1521 2852 et
1557 2820 1602 2853 lV
1639 2819 1718 2853 Non
1749 2821 1833 2853 loca.

524 2876 576 2912 28.
603 2878 687 2920 Cap.
712 2878 785 2911 XII.
