2078 3338
219 255 309 283 CAP.
326 243 394 300 vr]
606 256 666 287 DE
692 255 973 287 POTEsTATE
999 255 1134 287 PAPE.

271 360 534 402 Undecimo
563 364 611 399 et
632 359 792 400 ultimo
819 364 955 413 patet
982 360 1111 413 quod
1134 358 1346 399 Christus
1369 356 1530 397 abnuit

214 443 399 472 omnem
431 429 732 481 sentenciam,
774 428 821 469 in
866 442 958 482 qua
988 441 1187 469 necesse
1217 428 1344 468 foret
1373 427 1530 467 facere

1738 253 1812 292 125

1614 364 1747 392 Christ⁷s

1603 400 1748 434 disciples

1605 434 1696 461 made
1715 442 1755 461 no

1597 477 1709 507 money
1728 469 1768 504 by

214 500 353 541 alicui
393 499 618 551 iniuriam,
662 498 770 539 ideo
801 499 929 539 Luce
960 499 1075 550 XII,
1113 513 1162 549 14
1202 497 1317 538 dicit
1349 497 1532 537 cuidam
1569 504 1797 538 pre1a01es‚th0

182 644 294 684 ‚aaut
325 640 569 680 divisorem
600 651 741 692 super
769 640 880 680 vos?
923 638 1065 679 Unde
1104 643 1151 678 et
1190 636 1289 677 eius
1328 635 1533 689 apostoli

215 709 465 751 abalienati
504 714 612 749 sunt
654 722 678 748 a
725 707 955 749 divisione
989 707 1328 760 cuiuscumque
1359 719 1531 759 prepo-

214 779 373 830 siture,
406 792 497 832 que
529 779 713 818 lucrum
745 778 1010 831 temporale
1044 777 1245 830 sapiunt,
1280 775 1388 829 quia
1419 775 1533 815 didi-

215 854 377 889 cerant
415 861 440 888 a
476 847 700 901 magistro
733 847 897 888 Matth.
929 847 993 900 X,
1027 850 1072 887 8:
1110 845 1269 887 Gratis
1300 846 1533 898 accepistis

208 919 361 971 gratis
403 919 517 958 date.
568 915 662 957 Iste
706 922 860 957 autem
891 916 1084 956 Pseudo
1133 929 1234 956 cum
1290 914 1532 968 discipulis

161 1008 199 1029 10
214 987 310 1028 suis
332 987 507 1041 palliat,
531 987 659 1040 quod
681 987 738 1026 ad
762 1000 868 1027 eum
890 987 1042 1027 solum
1059 991 1244 1039 spectat
1258 986 1305 1026 in
1321 985 1533 1036 solidum,

214 1070 377 1098 omnes
398 1056 724 1110 preposituras
740 1056 980 1109 sapientes
994 1055 1332 1109 pinguedinem
1349 1061 1533 1108 tempo-

99 1139 177 1181 1922‘
212 1127 355 1167 ralem
377 1126 604 1175 tribuere;
635 1125 639 1181 Ι
667 1139 756 1166 nec
779 1131 944 1179 potest
965 1130 1166 1179 propter
1192 1125 1533 1178 plenitudinem

213 1196 467 1250 potestatis
518 1195 779 1250 symoniam
832 1195 1136 1249 committere,
1199 1196 1284 1235 sed
1334 1201 1534 1249 propter

216 1266 560 1320 plenitudinem
605 1265 797 1306 dominii
841 1271 1031 1319 oportet
1077 1278 1420 1319 quemcumque
1463 1278 1533 1305 se-

167 1344 204 1377 15
220 1337 422 1377 cundum
463 1335 802 1390 pinguedinem
847 1335 919 1376 sui
960 1335 1181 1376 beneficii
1218 1335 1277 1376 de
1309 1336 1533 1376 thesauro

216 1407 408 1448 Pseudo
443 1405 630 1453 afferre;
666 1412 713 1446 et
742 1407 800 1446 de
827 1406 1120 1460 plenitudine
1148 1406 1401 1459 potestatis
1423 1405 1537 1445 facit

215 1477 575 1517 reservaciones
618 1477 846 1517 mentales
891 1476 1210 1526 absconditas,
1263 1482 1311 1516 et
1361 1476 1536 1517 virtute

218 1560 374 1587 earum
404 1547 511 1600 plus
544 1545 750 1587 offerens
781 1552 1090 1600 preponetur‚
1127 1559 1230 1585 cum
1261 1551 1426 1599 potest
1457 1558 1533 1585 an-

215 1616 442 1657 teriorare
493 1618 572 1657 vel
613 1616 938 1670 posteriorare
990 1622 1180 1670 tempus
1232 1617 1294 1656 ad
1336 1615 1534 1662 libitum,

158 1703 200 1725 20
215 1700 325 1740 ymo
369 1700 465 1727 non
510 1688 730 1727 obstante
778 1687 907 1740 quod
942 1686 1147 1729 Christus
1188 1687 1248 1727 sit
1291 1698 1395 1727 cum
1438 1687 1536 1727 suis

215 1758 432 1808 apostolis
463 1758 672 1798 omnibus
694 1758 848 1798 diebus
878 1769 1016 1809 usque
1046 1757 1110 1797 ad
1140 1757 1535 1798 consmnacionem

213 1827 364 1876 seculi,
396 1832 447 1867 ut
479 1826 592 1867 dicit
622 1827 785 1869 Matth.
816 1826 991 1878 ultimo,
1029 1826 1120 1867 iste
1152 1832 1308 1866 tamen
1339 1826 1532 1866 Pseudo

214 1899 378 1948 potest
409 1896 733 1949 dispensando
766 1901 955 1950 tempus
998 1896 1231 1936 redimere
1263 1901 1311 1936 et
1341 1901 1534 1948 mutare,

216 1966 284 2006 sic
316 1966 446 2019 quod
469 1967 657 2019 quando
693 1972 766 2006 est
786 1966 985 2006 maxime
1007 1966 1325 2006 necessarium
1349 1965 1534 2007 Christo

158 2040 198 2073 25
217 2040 266 2076 et
310 2049 395 2076 sue
442 2035 643 2076 ecclesie
692 2035 888 2076 consilia
933 2035 1106 2076 Christi
1150 2049 1356 2088 servare,
1396 2036 1537 2076 liceat

214 2105 307 2145 sibi
359 2105 552 2146 consilia
601 2106 706 2159 ipsa
757 2106 1065 2159 suspendere,
1124 2106 1375 2159 privilegia
1427 2119 1535 2159 que-

217 2188 417 2229 cumque
440 2181 640 2229 propter
663 2181 882 2229 questum
912 2177 1192 2229 concedere,
1225 2181 1273 2217 et
1295 2181 1535 2229 quantum-

217 2259 417 2299 cumque
441 2245 626 2286 Christo
650 2246 880 2286 inhabiles
903 2251 1141 2300 tamquam
1163 2247 1344 2287 habiles
1368 2259 1534 2299 appro-

213 2317 339 2366 bare,
393 2322 442 2356 et
493 2316 720 2369 quicquid
770 2316 939 2357 fecerit
991 2317 1134 2357 debet
1185 2322 1286 2357 tota
1335 2315 1535 2356 militans

160 2390 202 2422 30
217 2385 428 2433 ecclesia,
495 2399 631 2439 quam
698 2391 890 2439 oportet
953 2399 1060 2426 esse
1112 2388 1200 2426 sub
1253 2385 1438 2426 dicione
1484 2390 1536 2425 ut

215 2455 373 2508 legem
406 2454 578 2496 Christi
607 2461 756 2496 ratum
789 2456 995 2496 credere.

275 2523 425 2563 Multe
465 2530 574 2564 sunt
616 2524 835 2565 versucie
880 2526 1036 2566 velate
1081 2527 1169 2565 sub
1221 2525 1324 2565 istis
1356 2524 1445 2577 XI,
1488 2524 1535 2564 in

219 2592 389 2646 quibus
413 2593 633 2634 falluntur
657 2594 895 2647 simplices
918 2593 1147 2635 versuciis
1161 2593 1535 2644 Pseudochristi,

220 2667 267 2702 et
296 2662 489 2703 indubie
522 2663 806 2717 quicumque
844 2664 986 2704 fuerit
1022 2664 1126 2704 talis
1157 2664 1350 2705 Pseudo
1383 2664 1461 2704 vel
1494 2663 1537 2703 ei

290 2807 313 2826 1.
333 2798 387 2826 AB
407 2798 439 2826 in
460 2806 574 2834 marg:
594 2802 633 2826 11.
707 2798 757 2827 32.
776 2799 889 2834 Multe;
911 2799 1020 2828 codd.:
1041 2800 1181 2828 materie.

290 2892 342 2915 22.
368 2881 487 2915 Matth.
508 2883 550 2925 V,
578 2892 630 2914 20.

213 569 400 625 petenti
432 569 531 609 eius
562 568 802 609 iudicium:
840 569 954 617 Quis
984 582 1056 609 me
1087 569 1313 609 constituit
1334 567 1530 607 iudicem
1546 546 1626 600 ρὲρε
1647 539 1751 565 makes
1772 538 1808 564 au

1583 573 1795 608 ppointments

1580 616 1596 635 a
1617 612 1729 646 matter
1748 607 1782 634 of

1644 650 1725 677 gam.
