2078 3338
151 260 242 288 CAP.
268 252 350 302 ΧΠ]
553 263 610 293 DE
638 261 918 293 POTEsTATE
945 262 1074 294 PAPE.

152 366 411 421 quemlibet
442 380 605 406 verum
637 379 819 419 papam.
867 365 1023 406 Minor
1054 371 1209 407 autem
1240 371 1375 419 patet
1407 379 1468 406 ex

149 437 255 486 hoc,
295 436 422 489 quod
460 440 623 488 pastor
655 435 719 488 (in
752 440 975 488 quantum
1005 434 1283 488 huiusmodi)
1324 435 1469 475 debet

152 519 259 547 esse
300 505 505 545 medium
548 505 670 545 inter
712 505 867 544 Deum
913 510 961 544 et
1004 505 1233 558 populum
1291 510 1338 544 et
1382 518 1469 558 per

152 588 450 628 consequens
472 574 519 614 in
540 574 715 615 virtute
737 574 844 614 Deo
867 574 1191 628 propinquior,
1224 580 1276 614 ut
1299 573 1468 615 diffuse

121 644 358 684 5declarat
379 645 547 685 beatus
572 643 830 698 Gregorius
858 644 939 684 ubi
972 657 1125 697 supra.
1157 644 1218 683 Et
1249 649 1384 697 patet
1407 657 1469 684 ex

149 714 240 753 hoc
274 714 400 766 quod
439 713 723 754 distribuere
761 713 1006 765 beneficia,
1046 713 1269 754 decidere
1306 727 1469 755 causas

151 783 314 824 civiles
349 788 396 823 et
429 788 599 834 cetera,
632 797 724 837 que
756 797 851 824 non
875 789 983 825 sunt
1009 783 1357 837 preeminencie
1381 783 1469 823 vir-

151 857 302 892 tutum
326 852 493 903 officia,
517 858 626 893 sunt
648 853 883 893 abiectum
907 852 1112 893 officium
1134 853 1331 906 laycale,
1358 853 1468 893 ideo

150 922 283 962 iuxta
303 923 492 962 beatum
518 921 799 976 Gregorium
822 923 880 963 ad
903 936 1073 976 papam
1095 936 1190 962 non
1217 923 1469 976 pertinent.

100 1007 137 1028 10
151 992 284 1031 Deus
305 991 449 1044 igitur
474 991 606 1045 eligit
630 1005 734 1032 eum
756 992 801 1032 in
826 1006 995 1045 papam
1029 991 1107 1045 qui
1136 992 1196 1032 ad
1217 991 1470 1033 iuvandum

150 1062 379 1114 populum
422 1061 689 1114 preeminet
719 1067 971 1115 potestate,
1018 1067 1065 1101 et
1113 1061 1246 1103 aliter
1286 1062 1334 1102 in
1376 1062 1468 1102 isto

152 1130 377 1171 deficiens
430 1137 503 1171 est
552 1131 874 1172 Antichristus
928 1137 976 1172 et
1025 1131 1351 1185 pseudopapa,
1408 1145 1470 1172 ex

150 1199 349 1241 ficcione
380 1200 614 1241 mendacii
646 1207 693 1241 et
724 1201 1027 1241 fraudacione
1060 1201 1216 1242 officii.

210 1270 286 1309 Ex
314 1270 419 1311 istis
443 1270 631 1311 videtur
662 1263 791 1324 quod
821 1284 959 1311 nemo
984 1276 1192 1312 sumeret
1215 1270 1304 1312 sibi
1324 1271 1469 1311 hono-

100 1343 250 1380 15rem
293 1340 524 1393 papalem,
576 1345 628 1380 ut
671 1340 783 1381 dicit
823 1341 1103 1393 Apostolus,
1156 1340 1246 1382 nisi
1290 1354 1315 1381 a
1360 1341 1468 1381 Deo

151 1410 451 1450 revelacione
496 1410 773 1451 abscondita
817 1410 876 1451 sit
919 1417 1136 1459 vocatus;
1181 1425 1287 1451 nam
1326 1412 1473 1452 debet

153 1492 447 1532 cognoscere
500 1480 629 1533 quod
681 1480 770 1520 nisi
821 1480 994 1520 virtute
1060 1480 1354 1534 preemineat
1400 1486 1473 1521 est

155 1548 414 1589 contrarius
447 1549 646 1591 veritati.
680 1548 776 1590 Sed
798 1549 902 1603 quis
932 1549 1021 1590 scit
1041 1550 1158 1590 hoc?
1193 1549 1308 1590 Cum
1330 1550 1472 1604 igitur

153 1618 311 1672 gracia
353 1618 502 1659 fastus
545 1620 624 1659 vel
668 1625 864 1673 questus
909 1619 1148 1673 accipiens
1194 1619 1470 1675 dignitatem

96 1704 138 1724 20
151 1688 417 1729 huiusmodi
462 1702 512 1729 se
544 1688 699 1742 ipsum
733 1689 1115 1730 excommunicat
1144 1689 1191 1729 in
1222 1689 1471 1743 principio,

153 1763 286 1811 patet
344 1772 481 1811 quam
539 1772 758 1813 magnum
816 1759 1077 1812 periculum
1136 1764 1209 1799 est
1263 1758 1311 1799 in
1367 1772 1471 1812 pre-

154 1828 430 1882 sumpcione
452 1828 557 1868 talis
581 1828 736 1869 officii.
760 1828 875 1869 Ideo
902 1829 1015 1870 dicit
1038 1828 1297 1882 Gregorius
1319 1828 1470 1882 primo

153 1897 463 1939 Pastoralium
485 1898 578 1939 IX:
615 1897 727 1940 Cnm
751 1912 913 1939 curam
935 1899 1100 1952 popnli
1130 1900 1290 1940 electns
1314 1898 1474 1951 presul

152 1969 353 2021 suscipit,
376 1969 508 2020 qnasi
539 1969 602 2009 ad
629 1977 792 2021 egram
823 1969 1025 2009 medicus
1046 1969 1226 2009 accedit.
1260 1966 1312 2009 Si
1332 1968 1475 2020 igitur

98 2038 301 2078 25adhnc
342 2039 391 2078 in
435 2038 531 2078 eins
573 2050 761 2091 corpore
787 2038 1027 2091 passiones
1060 2040 1214 2079 vivant
1240 2050 1331 2090 qna
1360 2049 1472 2090 pre-

154 2108 416 2160 sumpcione
441 2120 658 2159 percusso
691 2108 867 2148 mederi
891 2112 1127 2161 properat,
1164 2109 1241 2160 qni
1278 2108 1324 2147 in
1348 2106 1475 2158 facie

154 2179 319 2218 vnlnns
351 2180 522 2230 portat.
575 2177 637 2217 Et
673 2176 792 2217 infra
826 2177 920 2217 XI:
962 2178 1174 2218 Sollerter
1209 2190 1256 2218 se
1292 2178 1476 2229 quisque

156 2248 394 2298 meciatnr‚
439 2259 494 2287 ne
536 2248 684 2287 locum
727 2247 971 2300 regiminis
1014 2254 1251 2288 assumere
1295 2248 1474 2297 audeat,

156 2317 199 2357 si
228 2317 375 2356 adhinc
392 2317 439 2356 in
453 2329 500 2357 se
521 2317 690 2357 vicinm
714 2318 1073 2370 dampnabiliter
1093 2320 1267 2369 regnat.
1298 2316 1354 2356 Et
1373 2316 1477 2356 liinc

102 2390 359 2439 3osnperna
402 2399 503 2427 voce
545 2385 681 2426 Levit.
720 2385 850 2427 XXI.
883 2388 934 2427 17
971 2388 1034 2427 ad
1069 2386 1256 2438 Moysen
1294 2386 1476 2438 dicitnr,

156 2457 286 2496 lzomo
334 2456 388 2495 de
430 2456 601 2496 semine
643 2459 716 2496 tito
755 2468 843 2508 per
884 2456 1109 2508 familias
1151 2456 1228 2508 qni
1269 2455 1477 2496 habuerit

40 2530 120 2563 251⁰
158 2526 392 2566 maculam
424 2537 514 2565 non
546 2526 712 2579 offerat
735 2538 884 2578 panes
914 2525 1008 2566 Deo
1037 2524 1041 2580 1
1069 2538 1150 2566 sno
1183 2537 1262 2566 nec
1294 2525 1478 2565 accedat

158 2595 220 2635 ad
250 2595 561 2635 ministeriam
594 2595 701 2635 eins.
745 2594 805 2634 Et
836 2594 961 2635 forte
994 2594 1032 2635 si
1062 2594 1231 2648 prelati
1261 2593 1420 2633 forent
1450 2607 1477 2634 a

158 2663 266 2703 Deo
301 2662 552 2703 examinati
582 2663 818 2713 radicitus,
853 2669 1225 2717 cognosceretur
1252 2663 1381 2716 quod
1414 2675 1476 2702 ex

231 2808 279 2837 23.
304 2809 441 2837 Rectius:
466 2809 539 2837 Cum
559 2817 693 2837 causam.
767 2809 816 2844 34.
839 2809 955 2838 Codd.:
977 2818 1014 2837 ex
1035 2810 1129 2838 deest.

233 2883 285 2915 23.
312 2882 363 2913 De
391 2882 481 2913 Cura
505 2883 597 2914 Past.
624 2882 647 2922 Ι,
674 2892 705 2925 9.

1672 254 1753 303 363

1519 1281 1623 1308 Hence
1645 1289 1724 1307 none

1522 1317 1632 1343 should
1655 1316 1723 1342 take

1497 1352 1586 1386 papa]
1608 1352 1748 1378 honours

1505 1387 1576 1413 who
1598 1386 1673 1413 does
1700 1389 1751 1412 not

1504 1421 1596 1448 know
1618 1419 1744 1447 himself

1493 1456 1589 1483 called
1611 1455 1645 1482 of
1664 1454 1748 1487 G0d;

1512 1492 1566 1517 but
1585 1498 1666 1517 none
1686 1497 1741 1516 can

1527 1526 1619 1553 know
1640 1524 1713 1551 this.
