2078 3338
217 267 306 294 CAP-
327 259 395 310 XL]
618 271 675 301 DE
702 270 983 302 POTESTATE
1010 272 1139 303 PAPE.
1746 268 1826 314 265

219 373 355 413 cione
388 372 494 415 XL:
527 373 579 414 Si
607 387 745 426 papa,
785 380 832 415 et
866 374 1176 415 distinccione
1208 375 1452 417 LXXIX:
1487 375 1538 417 Si

216 443 317 493 quis
340 443 563 495 pecmzta;
606 449 653 483 et
686 443 818 484 aliter
849 443 1006 484 forent
1039 444 1191 484 omnia
1227 444 1351 485 facta
1381 445 1427 485 in
1462 446 1537 485 de-

216 511 462 564 posicione
513 526 738 566 paparum
782 512 951 553 iniusta
999 520 1047 554 et
1098 527 1186 567 per
1237 528 1538 567 consequens

218 581 517 634 deponentes
567 582 726 622 forent
776 583 987 633 heretici⁷
1050 583 1171 624 sicut
1233 590 1280 625 et
1336 584 1539 624 ecclesia

184 652 489 703 §approbans
534 651 634 692 eius
675 652 1029 706 correpcionem
1075 658 1122 693 et
1160 666 1286 706 pape
1324 653 1438 694 novi
1474 654 1537 693 in-

215 720 597 763 tronizacionem.

274 789 335 829 Et
381 796 604 843 quantum
649 792 707 830 ad
752 791 927 831 dictum
973 791 1307 845 episcoporum
1348 794 1405 832 de
1440 805 1535 832 cor·
1624 803 1764 844 ease-of

215 859 442 912 repcione
486 860 759 910 Marcellini,
806 861 975 902 dicitur
1019 862 1148 915 quod
1190 862 1328 902 valde
1377 874 1538 914 super·
1588 839 1795 869 Marcenmus.

215 927 357 968 fluum
409 929 535 970 foret
586 943 669 970 eos
712 930 866 983 ipsum
908 931 955 971 in
999 930 1079 971 tali
1122 945 1234 972 casu
1286 931 1539 985 corripere,

164 1015 202 1036 10
218 997 325 1050 quia
355 1005 677 1053 perceperunt
716 1013 778 1040 ex
819 1000 919 1040 eius
960 1000 1251 1041 contricione
1291 1002 1422 1054 quod
1453 1000 1540 1041 fuit

216 1067 359 1120 plene
393 1074 642 1122 correptus
676 1083 703 1109 a
724 1069 942 1112 Domino.
974 1069 1090 1110 Ideo
1124 1070 1260 1110 nimis
1292 1070 1411 1110 levis
1446 1070 1537 1110 evi-

219 1136 386 1177 dencia
407 1136 532 1178 foret
555 1151 616 1178 ex
637 1138 729 1179 isto
758 1138 885 1179 facto
917 1140 1202 1179 concludere
1233 1139 1363 1192 quod
1384 1140 1539 1180 nullus

216 1219 343 1259 papa
368 1207 513 1247 debet
533 1207 580 1247 in
601 1207 760 1261 aliquo
791 1221 903 1248 casu
935 1221 960 1248 a
991 1208 1214 1249 fratribus
1235 1208 1538 1261 reprehendi,

217 1280 269 1315 ut
313 1282 448 1329 patet
491 1289 552 1316 ex
602 1277 723 1317 libro
774 1276 902 1317 beati
945 1277 1210 1317 Bernhardi
1262 1278 1320 1317 ad
1371 1290 1539 1330 papam

165 1352 201 1384 15
217 1345 495 1398 Eugenium.
528 1345 658 1386 Mille
690 1352 845 1387 autern
869 1353 980 1387 sunt
1010 1346 1256 1388 blasfemie
1290 1359 1394 1387 cum
1426 1359 1538 1387 non-

218 1415 343 1455 nulla
372 1415 741 1456 intronizacione
774 1429 900 1470 pape
933 1416 1113 1456 cesarei
1143 1416 1426 1456 introducte.

410 1613 840 1676 CAPITULUM
883 1614 1344 1676 UNDECIMUM.

277 1741 451 1782 Contra
496 1741 620 1782 dicta
672 1742 882 1794 arguitur
932 1755 1019 1795 per
1068 1743 1160 1782 hoc
1220 1742 1348 1795 quod
1406 1742 1540 1782 Deus
1591 1764 1615 1791 st
1635 1764 1660 1791 ᾖε
1682 1764 1796 1799 argued

213 1812 368 1862 posuit
398 1812 644 1863 quamlibet
674 1812 1015 1852 universitatem
1052 1825 1187 1853 suam
1226 1813 1273 1852 in
1305 1824 1541 1862 mensura,
1557 1800 1647 1861 mtffiss
1666 1799 1833 1868 ξῇῗῗῃῗῐῗὲς

162 1904 203 1927 20
218 1893 407 1921 numero
440 1884 479 1921 et
503 1882 718 1933 pondere,
758 1886 810 1921 ut
842 1881 1010 1921 dicitur
1042 1880 1244 1935 Sapiens
1277 1881 1366 1931 XI⁷
1400 1895 1449 1932 31
1495 1869 1834 1931 etingsfffg‘ffi‘g'133ffih

217 1962 305 2002 per
337 1962 637 2003 consequens
677 1956 871 2004 oportet
911 1964 1017 1991 esse
1057 1951 1269 1991 ordinem
1307 1950 1354 1990 in
1386 1963 1541 1990 sacer·
1629 1943 1659 1965 1⁰
1682 1939 1769 1973 keep·

219 2019 364 2059 dotali
384 2024 627 2072 potestate
651 2025 941 2060 sacramenta
964 2025 1011 2059 et
1034 2019 1392 2060 sacramentalia
1412 2019 1540 2060 mini-

219 2087 408 2129 strandi.
470 2086 550 2128 Sic
602 2087 725 2128 enim
775 2088 823 2127 in
874 2089 984 2141 lege
1028 2088 1181 2129 veteri
1236 2088 1326 2129 fuit
1375 2088 1542 2129 unicus

219 2171 426 2199 summus
459 2157 698 2207 sacerdos,
732 2156 808 2197 cui
840 2162 973 2198 erant
1005 2157 1354 2199 excellenciora
1387 2157 1543 2198 officia

162 2244 202 2276 25
218 2227 426 2277 limitata,
458 2226 506 2267 in
538 2226 670 2267 cuius
703 2227 890 2280 signum
921 2228 1056 2267 Deus
1089 2227 1324 2268 ordinavit
1360 2227 1543 2267 unicam

219 2302 404 2337 vestem
436 2297 777 2336 sacerdotalem
810 2309 898 2350 pro
927 2296 1108 2347 Aaron,
1141 2304 1192 2337 ut
1224 2303 1360 2350 patet
1389 2297 1542 2337 Exod.

219 2365 459 2415 XXVIII,
483 2380 528 2416 43
549 2366 674 2405 unde
698 2371 746 2405 et
772 2371 1125 2418 consequenter
1142 2366 1331 2407 dicitur:
1372 2367 1542 2407 Vestem

220 2438 373 2476 autem
416 2438 626 2475 sanctam
670 2447 760 2486 qua
803 2436 947 2475 utitur
988 2435 1151 2476 Aaron
1193 2436 1414 2476 habebunt
1443 2435 1543 2486 filii

220 2505 317 2545 eius
341 2507 446 2556 post
477 2517 592 2556 eum,
624 2508 672 2544 ut
702 2508 940 2557 ungantur
975 2505 1024 2544 in
1061 2518 1115 2545 ea
1153 2509 1191 2546 et
1228 2508 1544 2545 consecrentur

165 2590 206 2621 30
221 2586 388 2614 manus
432 2586 602 2614 eorum.
655 2572 847 2614 Summo
894 2578 1050 2614 autem
1093 2574 1331 2614 sacerdoti
1371 2586 1542 2627 appro-

103 2662 182 2700 227c
220 2642 372 2695 priata
403 2648 514 2683 sunt
534 2644 679 2683 multa
705 2641 710 2696 Ι
740 2643 907 2693 officia,
940 2650 991 2683 ut
1012 2649 1147 2696 patet
1167 2644 1321 2683 Exod.
1347 2642 1542 2693 XXIX,

294 2809 321 2835 2,
344 2800 372 2828 3.
394 2800 432 2828 B:
453 2802 485 2829 in
503 2802 672 2836 posicione.
752 2810 793 2837 17.
816 2804 860 2829 A:
885 2801 958 2837 Cap.
980 2802 1022 2829 XI
1041 2803 1138 2830 deest.
1215 2802 1263 2831 23.
1285 2803 1356 2835 δίᾳ·
1377 2803 1413 2830 Ιὲε
1434 2803 1471 2829 si.

298 2895 322 2914 1.
350 2885 435 2917 Dist.
461 2885 530 2925 XL,
560 2894 633 2926 cap.
652 2885 697 2917 VI
725 2892 758 2917 et
785 2886 861 2919 dist.
891 2885 1039 2930 LXX1X,
1068 2896 1141 2927 cap.
1170 2887 1224 2919 IX.
