2078 3338
234 271 315 305 402

953 267 1177 299 JOHANNIS
1205 266 1388 298 WYCLIF

523 373 650 426 quod
680 385 805 425 papa
837 371 983 412 debet
1021 384 1126 411 esse
1167 371 1450 424 capitaneus,
1495 370 1760 423 precedens
1792 370 1839 410 in

522 442 749 495 spirituali
782 440 995 481 exercitu
1027 441 1332 493 pacificando,
1374 446 1421 481 et
1467 441 1673 480 declarat
1711 440 1839 492 quod

523 517 596 551 est
648 511 791 551 clavis
845 511 902 550 ad
954 523 1144 550 sensum
1197 509 1431 563 scripture
1477 516 1523 550 et
1571 514 1838 550 sanctorum

522 581 778 621 doctorum.
822 579 991 619 Tercio
1026 580 1236 620 ostendit
1268 580 1506 632 quomodo
1540 592 1664 632 papa
1692 579 1837 618 debet

521 651 755 689 ambulare
788 662 932 701 super
965 661 1106 702 aquas
1146 650 1206 689 ad
1237 649 1489 689 Dominum
1518 649 1664 688 instar
1694 647 1870 697 Petri‚5

521 724 568 759 et
601 718 801 771 exponit
832 718 1135 771 propheciam
1170 718 1477 771 Apocalipsis
1509 717 1610 757 XII
1650 718 1707 757 de
1740 718 1837 756 dra-

521 801 640 828 cone
699 794 852 827 stante
897 793 1003 828 ante
1048 788 1290 828 mulierem
1334 787 1601 840 parituram.
1654 785 1837 838 Quarto

520 856 720 910 exponit
741 857 797 896 ad
814 857 1168 909 quadruplicem
1199 869 1388 896 sensum
1412 856 1650 910 quomodo
1668 854 1839 895 Christi

518 926 720 966 vicarius
765 926 909 967 debet
955 939 1057 966 cum
1091 926 1237 979 Petro
1283 939 1334 965 se
1378 925 1565 966 mittere
1609 924 1657 964 in
1699 937 1838 965 mare.

519 994 695 1047 Quinto
741 996 948 1035 declarat
993 996 1232 1048 quomodo
1285 1008 1410 1048 papa
1453 996 1598 1035 debet
1641 993 1896 1049 vigilarem

519 1078 621 1104 cum
656 1064 857 1115 Christo,
898 1070 946 1105 et
985 1065 1114 1118 quod
1156 1065 1289 1105 aliter
1328 1071 1400 1105 est
1434 1064 1692 1104 secundum
1726 1062 1837 1116 Cry-

517 1140 778 1174 sostomum
809 1134 1144 1185 Antichristus,
1179 1141 1225 1174 et
1258 1136 1496 1188 quomodo
1530 1134 1644 1173 illud
1675 1133 1838 1173 Matth.

516 1203 713 1244 XXIV:
738 1204 875 1244 Multi
895 1204 1069 1244 venient
1092 1206 1139 1244 in
1162 1205 1343 1244 nomine
1366 1217 1477 1254 meo,
1512 1205 1704 1244 dicentes
1730 1203 1839 1254 quia

516 1283 594 1326 ego
638 1287 743 1314 sum
791 1272 1010 1323 Christus,
1062 1274 1331 1314 verificatur
1384 1275 1442 1314 de
1494 1273 1622 1313 falsis
1669 1271 1838 1312 Christi

516 1343 703 1384 vicariis
737 1349 785 1384 et
817 1344 1057 1396 quomodo
1089 1357 1238 1398 regna
1269 1343 1371 1384 istis
1404 1343 1541 1397 papis
1565 1347 1837 1383 concertan-
1859 1354 1894 1387 15

520 1413 642 1454 'cibus
693 1413 1042 1455 racionabiliter
1092 1414 1454 1467 responderent,
1509 1419 1556 1454 et
1599 1412 1837 1466 quomodo

515 1489 733 1537 pastores
788 1497 849 1523 ex
902 1482 1029 1523 dicto
1081 1483 1214 1524 beati
1261 1482 1482 1536 Gregorii
1524 1481 1838 1536 periculosius

516 1554 749 1593 maculant
770 1566 965 1606 gregem
983 1553 1088 1595 Dei.
1123 1552 1274 1594 Sexto
1301 1554 1506 1593 declarat
1529 1552 1698 1606 prelati
1718 1552 1837 1605 peri-

516 1624 669 1663 culum
692 1636 754 1663 ex
771 1622 908 1663 dictis
929 1622 1291 1676 Lyncolniensis
1318 1628 1365 1663 et
1387 1623 1515 1676 quod
1536 1622 1661 1662 foret
1687 1634 1836 1662 reme-

516 1693 652 1745 dium,
670 1698 717 1732 et
731 1692 969 1746 quomodo
982 1691 1131 1732 CLIII
1145 1692 1302 1747 magni
1316 1692 1475 1745 pisces
1491 1692 1679 1746 signant
1692 1697 1837 1732 totam
1855 1712 1896 1733 20

517 1762 766 1803 ecclesiam
782 1760 966 1812 Christi,
983 1768 1030 1802 et
1044 1763 1283 1816 quomodo
1300 1775 1425 1815 papa
1437 1762 1666 1803 niteretur
1680 1761 1837 1802 facere

516 1832 740 1872 similiter.
794 1831 1009 1885 Septimo
1057 1833 1319 1873 declaratur
1363 1831 1672 1886 superioritas
1710 1845 1836 1885 pape

515 1915 602 1955 per
632 1903 737 1953 hoc,
771 1903 900 1955 quod
920 1902 968 1942 in
989 1902 1139 1955 prima
1161 1902 1362 1955 synodo,
1397 1903 1455 1942 de
1479 1915 1572 1954 qua
1593 1902 1702 1942 Act.
1724 1901 1836 1951 XV,

515 1971 667 2024 primo
702 1972 1019 2012 sentenciavit
1050 1985 1136 2025 pro
1169 1972 1389 2012 libertate
1424 1971 1638 2017 ecclesie,
1672 1971 1718 2011 in
1742 1984 1835 2024 quo

518 2046 627 2081 sunt
659 2041 747 2081 tria
777 2055 904 2095 pape
938 2042 1218 2094 diligencius
1242 2042 1521 2092 annotanda,
1556 2041 1677 2081 sicut
1705 2047 1751 2080 et
1775 2050 1892 2082 ex25

514 2110 837 2164 precepcione
878 2111 1052 2152 Christi
1088 2112 1251 2152 Matth.
1291 2111 1464 2152 XVIII
1507 2111 1554 2151 in
1599 2124 1693 2164 qua
1737 2123 1834 2150 cor·

514 2180 678 2233 repcio
737 2180 942 2221 fraterna
1001 2181 1301 2235 singulariter
1356 2182 1503 2221 Petro
1561 2180 1834 2234 precipitur.

517 2250 699 2291 Octavo
740 2251 938 2290 docetur
981 2252 1222 2304 quomodo
1266 2264 1395 2304 papa
1439 2251 1585 2291 debet
1635 2250 1833 2303 preemi-

514 2325 682 2360 nenter
714 2333 865 2360 amare
899 2320 1071 2361 Christi
1105 2321 1351 2361 ecclesiam
1386 2327 1435 2361 et
1467 2326 1593 2361 stare
1624 2333 1710 2373 pro
1743 2320 1833 2373 pri-

515 2389 692 2443 vilegio
722 2388 725 2445 Ι
754 2389 851 2430 vite
899 2390 1276 2444 exproprietarie
1335 2390 1465 2443 quod
1510 2389 1722 2431 Christus
1765 2389 1833 2429 in·
1882 2397 1962 2439 ηομ

513 2459 735 2500 iunxerat
780 2466 828 2501 et
873 2460 1186 2501 describendo
1226 2460 1369 2500 vitam
1414 2459 1835 2513 exproprietariam

516 2531 691 2583 probat
722 2530 971 2584 tripliciter
1016 2531 1144 2583 quod
1182 2543 1320 2570 nemo
1359 2530 1507 2570 habet
1545 2543 1570 2569 a
1611 2530 1718 2569 Deo
1752 2543 1833 2583 po-

516 2604 737 2640 testatem
771 2600 968 2640 clericos
1003 2600 1299 2654 degradandi.

575 2668 839 2722 Capitulum
873 2675 1091 2710 octavum
1125 2669 1333 2709 declarat
1363 2669 1515 2723 primo
1555 2670 1613 2709 de
1645 2669 1833 2709 nomine

516 2752 657 2791 pape,
691 2740 928 2792 quomodo
961 2739 1171 2792 inolevit,
1212 2740 1420 2780 secundo
1453 2739 1659 2780 declarat
1690 2739 1889 2793 tripli-35

588 2906 615 2925 21.
637 2900 673 2926 13:
696 2902 724 2926 el
745 2899 838 2926 deest.
914 2907 962 2927 20.
986 2900 1023 2927 B:
1044 2901 1160 2935 signat.
1237 2908 1285 2928 22.
1308 2901 1346 2927 13:
1371 2900 1518 2929 declarat.
