2078 3338
199 272 288 300 CAP.
309 260 362 318 Π]
593 272 652 303 DE
678 270 959 303 POTESTATE
985 271 1120 302 PAPE.

1750 276 1798 315 27

197 379 364 429 Deum,
411 376 630 416 alteraret
670 374 897 426 homines,
942 375 1095 415 dando
1140 375 1355 429 graciam,
1409 390 1513 417 cum
1556 399 1768 427 Noscanthe

197 448 446 488 multorum
477 444 634 485 talium
666 443 871 497 spiritus,
901 444 947 484 in
972 443 1142 497 quibus
1166 445 1489 487 subiectaretu

196 516 304 558 talis
349 519 578 569 potestas,
622 519 731 554 sunt
773 513 1101 553 miserabiliter
1133 514 1381 555 damnandi
1417 530 1513 557 non

196 585 486 627 sufficientes
517 584 679 624 iuvare
712 596 764 623 se
795 583 944 636 ipsos.
995 583 1057 623 Et
1089 584 1128 623 si
1161 584 1341 625 dicatur
1385 587 1514 639 quod

165 657 347 696 §solum
389 653 611 694 limitatur
652 658 870 706 potestas
917 665 1078 693 eorum
1116 654 1363 705 habilibus,
1410 669 1514 695 cum

196 725 346 765 solum
377 723 547 764 talibus
579 724 712 763 Deus
745 727 910 775 potest
942 723 1052 762 dare
1090 723 1308 775 graciam,
1345 738 1514 765 revera

194 794 374 836 habiles
406 794 636 833 haberent
669 806 694 832 a
713 793 822 832 Deo
860 792 1066 844 graciam
1097 806 1193 833 non
1225 807 1281 833 eo
1305 795 1412 847 plus
1435 796 1514 835 vel

195 865 357 916 minus,
402 863 516 903 licet
558 863 676 903 tales
719 876 814 902 non
858 861 926 901 sic
970 862 1261 903 menciantur
1304 876 1356 903 se
1403 865 1511 904 dare

194 934 410 990 graciam.
466 932 598 974 Sicut
647 931 792 986 igitur
842 945 937 972 non
987 932 1166 973 habent
1222 939 1513 986 potestatem

142 1020 179 1041 10
192 1003 396 1044 faciendi
413 1003 535 1043 filios
551 1001 654 1053 Dei,
673 1002 826 1042 dando
851 1002 1056 1055 graciam
1073 1003 1512 1055 predestinacionis,

193 1074 260 1114 sic
302 1086 391 1113 nec
437 1072 634 1125 aliquam
666 1071 882 1125 graciam,
927 1085 1018 1124 qua
1051 1071 1341 1113 Christianus
1387 1073 1513 1114 foret

193 1148 354 1197 gratus
385 1144 506 1183 Deo.
540 1142 643 1182 Nec
677 1148 749 1183 est
782 1143 914 1182 color
946 1142 984 1183 si
1014 1143 1191 1183 habent
1221 1149 1512 1196 potestatem

192 1226 336 1266 super
368 1212 666 1264 antecedens,
701 1212 829 1265 quod
850 1213 1028 1253 habent
1049 1218 1340 1265 potestatem
1367 1227 1512 1267 super

193 1296 329 1323 omne
364 1296 663 1335 consequens
696 1283 774 1322 vel
808 1282 1133 1332 convertibile,
1181 1296 1237 1323 eo
1285 1284 1412 1336 quod
1444 1284 1510 1324 sic

139 1359 175 1399 1¹5
193 1358 354 1393 essent
394 1357 671 1405 potentatus
715 1365 853 1405 pares
898 1352 1020 1405 Deo,
1074 1358 1121 1393 et
1174 1366 1277 1393 cum
1321 1353 1509 1394 Psalmo

189 1421 473 1472 LXXXIX,
503 1435 550 1461 10
575 1421 763 1461 dicitur:
798 1420 846 1462 Si
876 1423 924 1462 in
950 1422 1256 1475 potentatibus
1287 1425 1511 1476 octoginta

190 1493 315 1542 anni,
348 1496 387 1532 et
418 1493 622 1545 amplius
654 1504 826 1540 eorum,
859 1493 989 1532 labor
1010 1495 1049 1532 et
1081 1492 1224 1533 dolor.
1260 1492 1321 1533 Et
1342 1507 1511 1534 revera

189 1561 340 1601 minus
370 1561 559 1601 videtur
593 1574 801 1601 errorem
834 1574 1004 1615 sapere
1046 1562 1174 1614 quod
1206 1563 1380 1603 sanitas
1415 1576 1511 1603 cor-

189 1631 365 1684 poralis
419 1631 572 1671 subsit
623 1630 822 1671 hominis
875 1631 1117 1684 potestati,
1178 1646 1316 1685 quam
1382 1634 1510 1686 quod

134 1716 174 1737 20
190 1701 347 1755 gracia
398 1702 473 1740 vel
526 1700 731 1754 Spiritus
777 1700 979 1742 Sanctus
1033 1701 1197 1754 subsit,
1247 1716 1352 1742 nam
1405 1716 1510 1743 cum

188 1770 330 1811 nichil
370 1776 443 1811 est
484 1770 531 1810 in
575 1775 818 1824 potestate
850 1770 1052 1811 hominis
1086 1772 1208 1823 dare,
1253 1772 1343 1812 nisi
1382 1774 1510 1825 quod

189 1840 402 1880 subiacet
458 1853 542 1880 sue
599 1839 839 1893 potestati,
912 1840 1047 1880 nimis
1106 1854 1326 1895 magnum
1383 1842 1509 1882 foret

190 1909 488 1950 christianum
530 1910 708 1949 habere
753 1915 1043 1963 potestatem
1096 1911 1235 1951 dandi
1282 1910 1508 1965 Spiritum

188 1978 430 2028 Sanctum;
481 1980 572 2019 hoc
623 1979 744 2019 enim
798 1985 871 2019 est
922 1979 1158 2032 singulare
1211 1982 1384 2021 donum
1436 1981 1508 2021 sui

132 2054 170 2086 25
186 2049 418 2103 principii,
477 2062 580 2089 cum
640 2048 919 2089 christianus
979 2063 1074 2089 non
1131 2055 1297 2103 potest
1352 2050 1507 2103 ipsum

186 2119 409 2160 vendere.

72 2195 131 2237 167

1491 461 1514 486 r
1551 443 1657 469 popei
1669 435 1778 484 indeed

1530 478 1800 532 hdgssrilxiessiosffiges

1590 540 1694 567 lacked
1717 540 1750 567 it.

136 2194 149 2211 ⁰¹
243 2189 306 2230 Et
328 2188 581 2229 conformis
607 2194 682 2229 est
704 2188 1026 2229 consideracio
1056 2186 1060 2243 Ι
1090 2188 1148 2228 de
1178 2190 1505 2241 absolucione3·
1532 2207 1599 2270 Thss
1621 2217 1726 2271 plowes
1746 2209 1780 2236 of

1561 2252 1577 2270 a
1603 2252 1636 2270 SO
1651 2249 1755 2271 UUOII:

187 2259 423 2312 quondam
456 2258 578 2299 enim
609 2259 918 2311 reputabatur
939 2259 1046 2298 Deo
1069 2259 1313 2311 proprium
1336 2261 1505 2300 tollere
1573 2279 1653 2314 Only
1676 2279 1743 2306 God

185 2334 384 2381 peccata
425 2334 519 2369 tam
563 2334 676 2381 aput
725 2328 890 2368 fideles
936 2341 1071 2381 quam
1120 2334 1233 2381 aput
1269 2328 1505 2376 infideles;

130 2398 310 2438 3ounde
355 2398 656 2452 singulariter
700 2398 820 2438 dixit
850 2397 1072 2451 Baptista
1117 2398 1175 2438 de
1209 2398 1409 2451 Christo,
1456 2405 1507 2439 ut

183 2468 359 2523 legitur
389 2468 491 2519 Joh.
524 2467 557 2520 Ι,
592 2481 664 2520 29:
699 2468 809 2508 Ecce
843 2477 995 2521 agnus
1025 2468 1124 2520 Dei,
1159 2481 1252 2508 ecce
1283 2469 1361 2520 qui
1392 2470 1507 2509 tollit

179 2542 368 2592 peccata
388 2539 564 2579 muudi.
588 2536 741 2591 Super
768 2551 861 2591 quo
886 2537 999 2578 dicit
1021 2539 1227 2591 August.
1253 2536 1402 2579 Omel.
1419 2537 1502 2578 IV:

184 2607 327 2648 Nemo
349 2608 436 2648 sihi
458 2611 644 2660 arroget
666 2611 704 2648 et
725 2608 858 2659 dicat,
891 2609 1010 2660 quod
1030 2609 1126 2660 ipse
1149 2608 1302 2659 aufert
1316 2612 1505 2660 peccata

256 2764 302 2792 27.
325 2757 354 2783 A
373 2756 404 2783 in
426 2764 542 2791 marg:
562 2756 693 2784 Peccata
716 2756 799 2783 tollit
817 2756 902 2783 solus
924 2755 1075 2783 Christus.

256 2840 307 2872 32.
335 2842 382 2872 St.
408 2840 591 2882 Augustini
625 2840 662 2871 In
687 2840 831 2872 Joannis
858 2839 1014 2881 evangel.
1041 2850 1118 2881 cap.
1146 2840 1168 2879 Ι,
1201 2846 1300 2872 tract.
1328 2841 1383 2882 IV,
1411 2841 1503 2882 Opp.

183 2905 268 2930 tom.
297 2899 350 2938 ΙΙΙ,
377 2909 409 2940 p.
438 2898 514 2931 316.

1520 2315 1605 2342 takes
1626 2322 1713 2350 away
1733 2314 1790 2342 sin.
