2078 3338
212 271 300 299 CAP.
321 263 421 315 vm]
608 273 666 304 DF,
696 271 975 304 PoTEsTATE
1008 272 1139 303 PAPE.

212 378 314 432 quis
346 378 593 418 Romanus
627 383 672 417 et
706 389 911 417 summus
944 376 1177 428 pontifex.
1230 376 1291 416 Et
1322 375 1533 429 quamvis

209 449 300 489 ista
333 447 573 489 sentencia
606 447 665 487 sit
687 446 888 486 maxime
917 446 1185 499 propinqua
1206 446 1346 495 facto,
1380 451 1533 486 tamen

210 518 344 559 nimis
378 519 627 572 elongatur
659 530 685 556 a
717 515 947 570 religione
970 515 1098 556 fideli
1128 521 1175 556 et
1197 515 1352 556 stabili
1373 515 1533 554 funda-

210 593 381 628 mento.
436 587 550 628 Cum
590 586 711 627 enim
751 586 954 640 aliquem
993 591 1085 627 stat
1124 599 1231 626 esse
1262 586 1535 627 Romanum

179 657 482 710 §pontificem
517 663 563 697 et
595 671 690 697 non
723 671 894 710 papam
929 662 977 697 et
1010 662 1218 708 econtra,
1251 662 1302 696 ut
1324 662 1457 710 patet
1489 656 1536 696 in

213 727 398 768 Christo
434 734 479 768 et
511 728 672 773 Petro,
711 733 845 781 patet
877 728 1003 781 quod
1039 731 1235 780 oportet
1271 726 1386 767 istas
1420 727 1535 778 duas

213 797 482 838 elecciones
517 810 623 838 esse
656 797 858 839 racionis
892 796 1092 850 disparis
1116 802 1164 837 et
1185 802 1350 837 nature
1375 796 1537 838 ordine

212 873 468 921 separatas.
533 866 637 909 Stat
691 867 813 908 enim
866 867 1065 921 aliquem
1116 880 1223 907 esse
1267 866 1537 907 Romanum

210 937 485 990 pontificem
501 942 549 977 et
569 937 827 990 pessimum
844 936 1196 989 Antichristum,
1211 935 1333 976 sicut
1348 941 1540 976 econtra

158 1021 196 1041 10
213 1012 304 1047 stat
344 1007 544 1060 aliquem
579 1020 686 1047 esse
719 1020 947 1047 summum
979 1005 1268 1060 pontificem,
1307 1019 1411 1046 cum
1445 1007 1537 1046 hoc

212 1078 339 1131 quod
378 1077 437 1118 sit
469 1078 576 1117 loco
608 1077 674 1117 1111
706 1067 993 1127 indifferens,
1030 1081 1083 1116 ut
1119 1081 1254 1130 patet
1293 1089 1354 1116 ex
1389 1075 1537 1116 dictis.

210 1147 350 1187 Unde
374 1146 589 1187 dominus
605 1146 929 1187 Ardmacanus
960 1146 1081 1187 libro
1104 1145 1212 1194 VII,
1246 1159 1346 1199 cap.
1363 1145 1536 1186 XVIII

211 1216 286 1256 De
331 1216 676 1269 Questionibus
721 1216 1036 1257 Armenorum
1082 1215 1196 1256 dicit
1247 1216 1375 1269 quod
1428 1221 1537 1256 sunt

211 1286 304 1326 duo
327 1287 632 1339 pontificatus
647 1286 920 1327 naturaliter
944 1286 1231 1332 differentes,
1267 1291 1315 1326 et
1341 1291 1536 1339 oportet

157 1356 339 1410 15quod
354 1356 448 1397 sint
480 1356 624 1397 eciam
657 1357 784 1410 apud
804 1357 960 1397 Deum
995 1356 1086 1396 due
1121 1355 1401 1397 elecciones.
1438 1355 1535 1396 Sed

209 1426 398 1466 Videtur
434 1426 573 1466 michi
612 1427 742 1480 quod
775 1426 953 1467 eleccio
1006 1439 1097 1479 qua
1136 1425 1239 1479 quis
1279 1425 1536 1480 eligeretur

209 1495 257 1535 in
294 1509 465 1549 papam
502 1496 581 1536 vel
620 1510 848 1536 summum
881 1495 1155 1549 pontificem
1189 1508 1284 1535 non
1322 1494 1536 1535 subiacet

210 1565 436 1618 potestati
467 1566 545 1606 vel
590 1565 821 1606 eleccioni
862 1566 1076 1607 humane.
1138 1564 1257 1604 Nam
1299 1564 1425 1604 idem
1464 1569 1536 1605 est

209 1635 444 1675 hominem
490 1635 667 1688 eligere
711 1635 758 1675 in
801 1649 972 1688 papam
1006 1635 1083 1675 vel
1123 1648 1352 1675 summum
1383 1633 1535 1688 ponti-

90 1707 171 1750 204d
208 1705 346 1745 ficem
374 1706 379 1757 Ι
410 1710 455 1744 et
494 1704 672 1758 eligere
712 1707 866 1758 ipsum
903 1705 951 1745 in
984 1704 1296 1758 apostolicum
1334 1703 1535 1744 maxime

208 1775 477 1828 propinque
497 1788 584 1827 per
604 1774 808 1828 graciam
832 1779 1110 1828 sequentem
1127 1773 1299 1815 Christi
1313 1773 1535 1826 vestigia3

210 1845 295 1884 sed
337 1844 428 1884 hoc
472 1858 567 1884 non
613 1844 826 1885 subiacet
865 1843 1157 1885 ordinacioni
1189 1844 1266 1883 vel
1306 1842 1536 1883 eleccioni

209 1915 421 1965 humane,
464 1914 610 1968 igitur
653 1928 741 1954 nec
787 1914 910 1954 aliud
954 1914 1055 1955 sive
1106 1914 1248 1964 idem;
1302 1913 1368 1953 sic
1414 1913 1534 1953 enim

212 1984 410 2039 eligeret
443 1984 546 2037 quis
579 1985 816 2024 hominem
843 1984 890 2024 in
922 1983 1300 2037 predestinatum
1322 1984 1400 2023 vel
1423 1997 1534 2036 quo-

153 2059 194 2090 25
212 2067 412 2107 cumque
435 2054 566 2094 aliter
588 2054 866 2107 graciosum.
898 2054 960 2094 Et
984 2053 1283 2093 confirmatur
1306 2067 1369 2093 ex
1400 2053 1536 2093 factis

212 2129 259 2163 et
285 2123 446 2164 verbis
480 2124 805 2177 apostolorum
827 2124 935 2164 Act.
960 2123 981 2163 I
1012 2123 1059 2163 in
1094 2122 1335 2163 eleccione
1357 2122 1536 2162 Mathie

212 2194 429 2246 apostoli,
470 2195 597 2247 quod
632 2199 705 2234 est
736 2193 887 2234 minus
922 2207 1059 2247 quam
1093 2192 1271 2246 eligere
1309 2207 1536 2234 summum

209 2263 497 2316 pontificem,
523 2264 602 2305 ubi
624 2264 717 2316 ipsi
739 2277 832 2304 non
858 2263 1037 2318 eligunt
1060 2264 1146 2303 sed
1173 2268 1346 2316 rogant
1366 2264 1535 2314 Deum,

211 2340 262 2373 ut
314 2334 536 2374 ostendat
584 2333 687 2386 ipse
741 2347 879 2386 quem
934 2333 1146 2386 elegerit.
1209 2332 1344 2374 Sicut
1392 2332 1538 2388 igitur

155 2408 194 2440 30
213 2403 447 2443 electores
499 2417 595 2443 non
649 2403 831 2455 eligunt
883 2417 1111 2443 summum
1163 2402 1438 2456 pontificem
1488 2402 1535 2441 in

213 2472 433 2524 eligendo
467 2474 663 2513 alterum
698 2472 913 2514 Scarioth
953 2473 1030 2513 vel
1064 2472 1423 2524 Antichristum‚
1469 2472 1536 2511 sic

212 2542 458 2583 casualiter
491 2542 710 2596 eligendo
745 2556 850 2582 eum
883 2556 1021 2595 quem
1044 2543 1178 2582 Deus
1212 2542 1412 2595 elegerit
1438 2555 1534 2581 non

280 2700 308 2725 4.
337 2690 390 2718 AB
417 2691 448 2718 in
476 2699 589 2725 marg:
617 2691 785 2718 Romanum
807 2691 986 2726 pontificem
1011 2694 1074 2718 stat
1099 2700 1164 2718 esse
1190 2694 1220 2718 et
1236 2699 1297 2718 non
1321 2699 1387 2717 exce
1409 2698 1534 2725 papam.

215 2746 259 2765 12.
283 2736 376 2765 Coa:
399 2737 475 2772 Cap.
495 2737 575 2765 XIX.
597 2738 651 2765 ΑΒ
672 2738 701 2765 in
724 2746 841 2772 marg:
861 2737 985 2765 Eleccio
1003 2737 1160 2773 ponsificis
1180 2738 1292 2765 summi
1308 2746 1369 2765 non
1395 2738 1533 2764 subiacet

213 2783 364 2810 eleccioni
376 2784 517 2810 humane.
610 2792 658 2819 29.
680 2783 733 2811 AB
749 2784 778 2811 in
802 2792 917 2819 marg:
938 2783 1062 2811 Eleccio
1078 2783 1239 2819 pontificis
1257 2784 1421 2811 secundum
1440 2791 1533 2818 repu-

213 2830 366 2857 tacionem
386 2830 552 2857 hominum.

288 2903 336 2933 13.
366 2902 520 2944 Loosely
547 2903 704 2943 quote&

1749 272 1822 311 175

1596 385 1634 418 bv
1656 387 1770 414 human

1601 417 1730 448 electiori
1752 422 1778 447 is

1591 459 1657 483 true
1674 461 1704 483 to
1724 456 1785 483 fact

1612 490 1664 518 but
1684 491 1768 518 lacks

1620 526 1766 561 religious

1611 566 1763 588 sanction.

1584 1359 1655 1386 Man
1676 1363 1786 1386 cannot

1561 1394 1676 1421 clioose
1698 1402 1713 1420 a
1735 1401 1816 1429 pope

1637 1429 1729 1465 truly‚

1626 1781 1710 1808 since
1729 1779 1752 1806 it

1586 1815 1724 1850 dcpends
1745 1824 1784 1843 on

1580 1859 1670 1886 grace
1691 1851 1792 1878 which

1586 1894 1657 1913 man
1679 1891 1792 1913 cannot

1644 1922 1749 1958 judge.
