2078 3338
236 268 318 308 260

266 1770 402 1811 Enplicit
414 1771 481 1810 ¹and

301 1806 433 1869 “Seiiffifft

960 276 1185 308 JOHANNIS
1211 276 1396 307 WYCLIF
1677 264 1784 315 [CAP.
1804 273 1841 300 X.

524 381 687 422 illusus
732 380 811 434 pie
857 381 1075 420 crederet
1106 380 1206 420 eius
1245 378 1689 429 contradictionem,
1723 379 1844 419 sicut

525 450 803 491 christianus
848 449 999 490 credit
1040 449 1266 502 implicite
1311 462 1417 489 esse
1461 461 1647 498 verum3
1696 453 1745 488 et
1776 447 1843 487 sic

527 524 720 573 oportet
771 525 1016 572 utramque
1074 524 1249 559 sectam
1300 517 1484 558 Urbani
1540 522 1588 557 et
1637 517 1845 557 Roberti

527 589 683 629 dicere
729 588 856 641 quod
905 587 1086 640 reliqua
1129 587 1190 627 sit
1230 587 1452 636 heretica,
1504 586 1612 640 quia
1664 585 1844 626 articuli

524 657 636 697 fidei
667 670 762 697 non
792 656 1049 697 limitantur
1080 656 1146 696 sic
1185 657 1242 696 ad
1272 657 1393 705 loca,
1439 661 1491 696 ut
1531 655 1579 695 in
1616 654 1705 695 ista
1734 654 1843 694 villa

524 732 775 767 teneantur
807 726 936 766 credi
968 732 1016 767 et
1046 725 1093 766 in
1124 725 1339 779 proxima
1359 725 1470 765 villa
1493 724 1708 765 discredi.
1740 724 1842 764 Nec

523 797 683 836 valent
747 795 1035 849 sophismata
1091 794 1262 848 quibus
1320 799 1543 847 putantes
1601 793 1842 835 subtiliare

523 865 737 905 referunt
768 865 897 918 quod
931 878 1056 918 papa
1077 869 1241 918 potest
1261 863 1420 904 facere
1442 876 1596 904 novos
1622 862 1843 903 articulos

523 934 635 975 fidei
667 939 714 975 et
744 948 833 988 per
865 947 1164 988 consequens
1196 933 1354 974 facere
1392 932 1610 986 antiquos
1643 945 1843 981 cessare,

524 1016 635 1056 ymo
680 1002 838 1044 facere
884 1003 1162 1044 christianos
1206 1002 1359 1043 teneri
1404 1002 1601 1042 credere
1639 1000 1843 1050 falsitati,

524 1071 633 1125 quia
675 1072 714 1112 si
753 1072 965 1125 quelibet
995 1071 1169 1113 veritas
1208 1071 1268 1112 sit
1306 1070 1529 1111 articulus
1564 1069 1689 1120 fidei,
1732 1075 1845 1109 tunc

525 1149 816 1182 sacramenta
858 1147 1024 1194 potest
1060 1141 1231 1190 facere,
1276 1153 1434 1181 novos
1473 1139 1692 1179 articulos
1735 1152 1845 1192 ymo

523 1223 703 1261 musca;
752 1211 837 1251 sed
882 1216 930 1251 et
970 1210 1098 1250 illum
1144 1209 1386 1250 articulum
1427 1207 1844 1261 sollempnizatum,

525 1280 653 1333 quod
673 1279 766 1320 iste
789 1279 850 1320 sit
871 1293 1007 1333 papa,
1030 1285 1193 1333 potest
1214 1278 1387 1319 nedum
1408 1277 1666 1331 imperator
1687 1276 1844 1317 facere

523 1350 602 1389 vel
636 1350 884 1399 electores,
917 1349 1004 1390 sed
1036 1349 1367 1402 quodcumque
1401 1346 1649 1387 animatum
1671 1347 1750 1386 vel
1780 1346 1843 1386 in-

524 1417 773 1458 animatum
804 1417 946 1458 fuerit
978 1418 1036 1457 ad
1067 1418 1159 1457 hoc
1191 1429 1403 1457 movens.
1438 1414 1536 1457 Sed
1569 1414 1844 1455 evidencius

524 1486 662 1537 foret,
707 1488 836 1541 quod
879 1486 983 1540 quis
1025 1487 1237 1540 rogando
1281 1486 1437 1525 Deum
1489 1490 1539 1525 et
1589 1484 1844 1537 perficiens

523 1557 695 1610 papale
729 1556 949 1606 officium,
992 1556 1133 1596 faciat
1176 1568 1228 1596 se
1259 1554 1412 1608 ipsum
1452 1560 1501 1595 et
1531 1554 1638 1607 plus
1682 1553 1846 1594 timeat

525 1627 654 1679 quod
675 1638 909 1665 venenum
933 1624 1122 1678 peccati
1154 1637 1291 1677 quam
1323 1624 1454 1677 quod
1474 1636 1710 1663 venenum
1743 1635 1845 1662 cor-

524 1695 653 1750 poris
687 1700 959 1748 corrumpat
988 1694 1128 1735 istum
1161 1693 1413 1735 christiane
1443 1693 1556 1733 fidei
1587 1692 1844 1732 articulum.

584 1765 639 1805 In
669 1764 761 1806 ista
791 1763 986 1804 materia
1017 1763 1117 1804 dixi
1149 1762 1259 1804 alias
1287 1763 1527 1816 quomodo
1551 1762 1750 1815 quedam
1774 1766 1847 1801 est

527 1833 777 1875 credulitas
811 1832 1036 1886 explicita
1066 1833 1144 1872 vel
1176 1831 1408 1881 distincta,
1455 1836 1503 1871 et
1534 1830 1732 1884 quedam
1772 1835 1845 1871 est

527 1903 754 1957 implicita
774 1904 853 1943 vel
886 1901 1100 1953 confusa3
1135 1907 1183 1942 et
1202 1901 1296 1943 isto
1319 1901 1460 1941 modo
1484 1905 1673 1940 tenetur
1696 1899 1845 1941 omnis

526 1972 803 2013 christianus
819 1972 1017 2012 credere
1041 1971 1250 2024 singulas
1265 1969 1504 2019 veritates,
1527 1969 1635 2022 quia
1654 1973 1847 2009 tenetur

526 2041 723 2081 credere
766 2041 923 2080 Deum
968 2053 1089 2089 esse,
1142 2040 1272 2093 quod
1317 2044 1390 2079 est
1435 2038 1585 2078 omnis
1620 2037 1624 2092 ξ
1658 2037 1846 2077 veritas.

526 2111 633 2150 Hoc
686 2115 840 2150 autem
893 2109 1043 2149 omnis
1099 2107 1252 2149 fidelis
1310 2112 1501 2148 tenetur
1550 2119 1638 2159 pro
1692 2106 1845 2159 aliquo

524 2185 741 2233 tempore
770 2179 847 2219 vie
880 2178 1104 2220 distincte
1139 2178 1349 2227 credere,
1384 2182 1432 2217 et
1464 2176 1530 2217 sic
1563 2175 1845 2229 quicumque

524 2249 572 2289 in
603 2250 758 2289 Deum
789 2248 991 2288 finaliter
1023 2246 1278 2287 crediderit
1309 2245 1578 2295 salvabitur,
1625 2245 1714 2286 etsi
1750 2258 1846 2285 non

524 2319 633 2372 plus
679 2318 738 2358 de
782 2331 930 2371 grano
977 2316 1171 2370 synapis
1213 2315 1443 2356 habuerit.
1503 2314 1640 2355 Alios
1689 2319 1845 2354 autem

526 2393 720 2441 oportet
762 2389 871 2441 plus
916 2391 964 2427 et
1008 2386 1122 2427 alios
1169 2385 1321 2426 minus
1365 2385 1424 2425 de
1475 2384 1570 2424 fide
1622 2383 1844 2425 distincte

527 2457 723 2497 credere
758 2456 1016 2498 secundum
1045 2459 1174 2509 quod
1201 2455 1308 2508 plus
1332 2456 1408 2495 vel
1430 2453 1582 2494 minus
1605 2454 1663 2493 de
1687 2453 1846 2506 gracia

527 2525 585 2565 ad
615 2526 707 2565 hoc
740 2524 985 2578 obligante
1015 2523 1246 2564 habuerit.

596 2718 624 2746 O.
646 2718 685 2745 B:
706 2718 749 2745 sic
769 2720 942 2745 teneantur.
1016 2716 1044 2744 ὃ.
1067 2715 1166 2744 Codd.
1188 2715 1219 2743 in
1240 2723 1353 2750 marga
1375 2715 1510 2742 Articuli
1527 2713 1695 2749 novifidei
1710 2722 1729 2741 a
1747 2721 1842 2749 papa.

529 2763 571 2792 13.
592 2764 715 2797 Musca,⁸
735 2763 783 2790 hic
803 2764 920 2799 aliquot
939 2762 1032 2790 verba
1052 2762 1240 2791 exciderunt.
1341 2769 1386 2789 21.
1408 2760 1507 2788 Codd.
1535 2761 1566 2787 in
1588 2768 1702 2795 marga
1727 2759 1844 2788 Credu-

524 2810 596 2838 litas
615 2810 736 2846 duplex.

598 2890 651 2913 21.
678 2881 717 2913 E.
743 2891 775 2923 g.
802 2881 909 2913 Trial.
936 2892 968 2924 p.
994 2882 1074 2922 413.

1865 1014 1902 1035 10

1866 1350 1901 1382 15

1862 1706 1904 1727 20

1886 2038 1968 2073 226¹²

1862 2388 1903 2421 30
