2078 3338
243 256 328 293 320
969 252 1194 284 JOHANNIS
1219 251 1406 284 WYCLIF
1644 238 1752 295 [CAP.
1778 249 1846 278 ΧΠ.

592 355 691 399 Sed
710 355 800 397 ista
822 356 1051 398 deduccio
1074 370 1169 398 non
1189 357 1338 397 habet
1363 355 1729 408 fundamentum,
1761 356 1850 397 nisi

531 432 583 468 ut
595 426 773 467 ironice
787 428 967 481 loquar,
989 427 1118 481 quod
1133 432 1268 468 autor
1281 426 1513 480 scripture
1530 428 1698 467 crebro
1713 427 1849 481 ponit

534 498 793 538 secularem
836 496 1086 551 primatum
1131 502 1179 538 et
1216 497 1560 538 sacerdotalem
1600 496 1849 551 primatum

533 580 774 608 cesareum
794 566 1046 608 interdicit.
1078 567 1140 608 Et
1168 566 1278 608 ideo
1303 566 1417 608 dicit
1439 566 1775 620 Crysostomus
1797 572 1850 608 ut

532 650 685 692 supra,
701 638 830 691 quod
844 637 892 678 in
905 637 1200 691 acceptando
1215 637 1465 692 primatum
1480 636 1849 678 ecclesiasticum
1866 640 1882 672 5

530 720 687 761 neque
711 712 784 748 est
813 707 940 748 racio
972 721 1129 761 neque
1160 707 1350 758 utilitas,
1384 706 1494 761 quia
1525 712 1742 761 tempore
1765 720 1848 748 suo

531 777 694 818 saltem
708 776 755 817 in
769 782 915 831 gente
930 790 1014 817 sua
1026 790 1122 817 non
1136 776 1223 817 fuit
1238 777 1456 818 adiuncta
1467 776 1686 830 primatui
1702 778 1847 818 eccle-

531 845 735 898 siastico,
766 851 820 887 ut
848 847 1000 898 modo,
1031 846 1274 901 pinguedo
1309 846 1541 887 commodi
1561 846 1847 900 temporalis.

291 916 364 955 Any
384 923 465 950 901³&
532 915 583 958 Si
602 916 747 972 igitur
768 917 983 971 signetur
997 916 1280 971 quicumque
1299 930 1436 971 papa,
1461 916 1590 957 cuius
1607 917 1847 957 ordinacio

274 950 422 978 ordalned
444 950 482 986 by

260 985 497 1056 Clggftglzffiffld
530 985 796 1027 immediate
818 986 1056 1040 processit
1078 1000 1103 1027 a
1127 986 1326 1037 Christo,
1348 986 1538 1027 videtur
1557 985 1698 1027 michi
1720 986 1850 1040 quod
1870 1000 1908 1021 10

268 1056 493 1118 ἓῗξένξξόῃξέῒ
529 1057 621 1097 hoc
654 1057 794 1098 docto
827 1062 957 1097 totus
988 1057 1197 1111 populus
1221 1057 1365 1097 debet
1388 1070 1492 1097 eum
1514 1055 1849 1097 venerabiliter

249 1126 287 1197 ἓξ
306 1126 443 1188 ,fjffiisllfeegs
456 1129 518 1188 {1¹31
532 1127 764 1180 amplecti.
815 1126 915 1168 Sed
957 1126 1093 1168 nimis
1129 1126 1278 1167 aliena
1316 1131 1391 1167 est
1423 1127 1478 1167 ab
1514 1126 1604 1167 ista
1635 1125 1849 1167 doctrina

293 1196 468 1259 &gfff-³¹³
529 1197 729 1238 humana
761 1197 938 1238 eleccio
967 1197 1046 1237 vel
1074 1197 1323 1238 instituciO.
1355 1196 1472 1237 Ideo
1497 1201 1690 1250 oportet
1721 1195 1850 1250 quod

528 1266 644 1307 illud
676 1267 900 1308 doceatur
932 1280 994 1308 ex
1016 1266 1114 1307 vite
1148 1272 1196 1308 et
1228 1280 1425 1321 operum
1457 1265 1722 1319 sanctitate,
1753 1279 1850 1306 non

531 1350 592 1377 ex
625 1337 918 1391 aspiracione
943 1338 1000 1378 ad
1022 1337 1171 1378 seculi
1194 1337 1490 1378 commodum
1511 1336 1590 1377 vel
1610 1336 1847 1377 honorem.
1869 1339 1904 1371 15

528 1406 630 1448 Nec
664 1421 725 1448 ex
756 1407 1089 1449 fulminacione
1120 1408 1231 1449 ficte
1270 1420 1468 1448 censure
1507 1407 1564 1448 ad
1597 1407 1848 1447 ostenden-

529 1477 638 1517 dum
671 1477 1044 1519 dominacionem
1075 1491 1165 1518 nec
1198 1491 1260 1518 ex
1286 1477 1508 1518 tonsione
1545 1476 1709 1530 gregis
1742 1477 1848 1516 sub-

527 1547 640 1587 iecti
653 1561 742 1601 per
756 1548 1098 1589 fraudulentam
1113 1547 1440 1602 temporalium
1456 1546 1847 1597 subtraccionem,

529 1618 615 1658 sed
646 1631 735 1672 per
767 1618 1072 1660 condiciones
1106 1618 1430 1672 apostolorum
1456 1617 1560 1658 istis
1583 1615 1848 1670 oppositas;

531 1693 578 1728 et
608 1687 714 1729 talis
745 1702 871 1742 papa
901 1702 998 1729 non
1041 1689 1167 1730 foret
1198 1687 1336 1728 alicui
1370 1686 1577 1728 fidelium
1616 1698 1847 1727 onerosus
1864 1699 1906 1721 20

530 1757 616 1798 sed
647 1771 904 1812 procurans
936 1758 1145 1813 undique
1188 1771 1276 1813 pro
1308 1758 1440 1798 lucro
1475 1756 1627 1797 anime
1661 1761 1709 1796 et
1738 1768 1848 1809 pro-

529 1827 669 1869 fectu.

250 1907 317 1935 The
339 1907 502 1935 defenders
586 1896 720 1950 Item,
758 1897 1114 1953 magnificantes
1152 1897 1487 1939 necessitatem
1523 1895 1662 1937 huius
1699 1908 1847 1935 sacra-

274 1943 309 1969 ot'
324 1943 375 1969 the
395 1943 479 1977 Pope

258 1977 489 2048 slssguggtffgssivt}
527 1968 674 2008 menti
696 1967 876 2008 cesarei
903 1973 1096 2022 oportet
1118 1968 1294 2008 docere
1315 1966 1467 2021 ipsam
1491 1979 1553 2006 ex
1573 1964 1846 2006 testimonio

238 2046 502 2109 πὲξηῖξθοῗξιῑὲἔε
528 2037 762 2092 scripture
783 2038 862 2078 vel
882 2051 970 2091 per
990 2037 1226 2078 racionem
1255 2038 1510 2078 ostendere
1530 2033 1848 2076 necessarium
1864 2039 1904 2071 25

237 2117 337 2144 ofhis
357 2106 754 2147 influenceinfluxum
790 2107 973 2161 papalis
1005 2106 1370 2161 preeminencie,
1416 2105 1523 2159 quia
1567 2105 1700 2146 aliter
1729 2103 1847 2157 fingi

301 2151 443 2215 {Vlftirssiif
527 2183 696 2232 posset
726 2178 917 2218 novella
946 2177 1114 2231 religio
1148 2176 1350 2218 servatis
1380 2176 1557 2217 eisdem
1579 2174 1846 2216 nominibus

528 2249 608 2289 vel
644 2247 832 2289 mutatis
873 2248 1062 2288 omnino
1097 2247 1329 2289 contraria
1356 2248 1360 2300 Ι
1390 2246 1542 2288 ordini
1580 2244 1845 2286 christiano.
1886 2253 1969 2291 241a

530 2318 614 2360 Coi
637 2323 728 2359 stat
760 2323 927 2369 autem,
967 2318 1097 2371 quod
1126 2317 1328 2372 primum
1360 2318 1499 2358 deest
1527 2318 1576 2357 in
1606 2319 1710 2355 toto
1745 2327 1846 2354 cor-

528 2402 647 2443 pore
681 2388 927 2442 scripture.
969 2387 1031 2428 Et
1062 2393 1285 2442 quantum
1318 2388 1376 2428 ad
1407 2387 1678 2437 secundum,
1710 2389 1848 2439 patet
1863 2391 1904 2423 30

529 2459 660 2512 quod
704 2463 954 2512 oporteret
997 2457 1127 2499 illum
1171 2457 1399 2499 influxum
1441 2458 1520 2497 vel
1567 2455 1847 2496 adiutorium

530 2541 638 2569 esse
685 2527 940 2582 spirituale,
986 2527 1094 2581 quia
1126 2527 1227 2568 sine
1260 2527 1498 2582 corporali
1528 2530 1692 2580 preter
1724 2525 1847 2566 adiu-

528 2597 698 2639 torium
744 2598 873 2652 quod
918 2597 1122 2639 ecclesia
1151 2599 1296 2639 habet
1327 2598 1386 2638 de
1418 2595 1618 2638 seculari
1653 2595 1844 2636 brachio

528 2673 698 2722 posset
730 2673 864 2708 stare.
900 2666 953 2709 Si
984 2673 1138 2709 autern
1170 2667 1232 2709 sit
1253 2667 1495 2721 spirituale
1516 2666 1595 2707 vel
1618 2670 1692 2706 est
1714 2670 1845 2707 actus

530 2737 681 2778 anime
712 2739 791 2779 vel
819 2738 1022 2780 habitus.
1069 2737 1186 2779 Cum
1218 2743 1374 2779 autem
1405 2744 1536 2779 actus
1571 2736 1720 2777 anime
1753 2735 1847 2776 sint
1862 2740 1901 2773 35

528 2806 666 2848 nobis
697 2807 943 2860 notissimi,
974 2807 1302 2862 perceptibilis
1324 2808 1450 2849 foret
1470 2813 1563 2849 tam
1585 2806 1690 2848 talis
1713 2811 1845 2846 actus

530 2890 667 2931 quam
712 2877 813 2919 eius
858 2877 1079 2918 absencia
1120 2878 1168 2918 in
1210 2882 1374 2929 morte,
1417 2877 1465 2918 in
1509 2876 1737 2918 divisione
1769 2875 1846 2916 vel
