2078 3338
311 288 324 313 1
335 278 388 327 38
1034 287 1260 319 JOHANNIS
1285 288 1470 320 WYCLIF
1712 279 1819 331 [CAP.
1843 288 1908 316 vn.

592 392 803 444 intelligit
822 392 1104 444 scripturam
1125 405 1326 442 sacram,
1348 405 1487 445 qnam
1503 392 1704 446 Spiritus
1718 394 1913 437 Sanctus

590 462 796 514 flagitat,
820 459 1038 502 adiuncta
1058 462 1331 514 pertinacia,
1357 466 1419 503 est
1435 476 1667 516 expresse
1682 465 1912 506 hereticus,

299 538 576 608 tssiglgggghsthgffitd
592 530 690 570 Iste
736 535 892 571 autem
935 537 1127 572 sanctus
1170 531 1407 572 intellexit
1451 538 1498 572 et
1542 533 1782 587 expressit
1817 539 1912 574 tam

326 608 543 671 Srggfssgsseffiilsee
593 612 741 652 opere
786 613 924 653 quam
968 613 1185 641 sermone
1231 602 1359 653 quod
1401 615 1497 641 non
1526 601 1638 642 licet
1674 603 1912 643 sacerdoti

593 668 774 723 Christi,
807 669 1078 723 specialiter
1115 670 1337 711 Romano
1369 670 1594 724 pontifici⁷
1639 673 1943 713 seculariterS

591 739 669 778 vel
702 739 900 780 civiliter
933 739 1168 791 dominari,
1202 740 1248 780 in
1280 746 1459 780 tantum
1483 741 1613 794 quod
1637 748 1840 795 papatus
1864 747 1912 782 et

589 820 702 849 Vera
734 809 959 849 secularis
993 809 1254 850 dominacio
1280 810 1428 863 qualis
1454 816 1527 851 est
1546 810 1674 852 licita
1693 811 1741 851 in
1762 811 1909 864 laycis

589 878 849 919 formaliter
872 879 1209 920 contradicunt.
1243 879 1305 920 Et
1333 880 1508 921 virtute
1535 881 1671 921 huius
1693 880 1912 934 precepti

589 948 811 989 vixerunt
843 948 1061 1002 apostoli,
1093 949 1244 990 sancti
1274 950 1491 990 monachi
1520 955 1568 990 et
1588 950 1909 990 mendicantes

590 1018 979 1072 exproprietarie,
1029 1032 1181 1072 usque
1230 1019 1375 1059 hodie
1419 1019 1631 1060 dicentes
1674 1025 1770 1060 tam
1814 1019 1911 1060 vita
1929 1032 1968 1054 10

589 1101 727 1142 quam
779 1090 930 1129 verbo
976 1089 1106 1142 quod
1147 1089 1381 1129 Dominus
1433 1089 1530 1130 suis
1582 1089 1909 1130 sacerdotibus

586 1159 678 1199 hoc
708 1158 936 1212 precipit3
977 1158 1159 1212 aliquos
1191 1164 1348 1199 tamen
1379 1159 1532 1200 voluit
1566 1160 1743 1200 habere
1774 1172 1909 1200 usum

586 1228 915 1282 temporalium
957 1228 1135 1282 largius
1182 1234 1230 1270 et
1274 1229 1385 1270 alios
1418 1228 1634 1270 striccius
1677 1242 1739 1269 ex
1771 1228 1906 1269 titulo

588 1298 846 1339 elemosine
890 1298 1172 1339 secularium
1211 1298 1506 1339 dominorum
1544 1299 1783 1340 subducto
1830 1312 1906 1339 se-

588 1368 731 1409 culari
763 1367 981 1409 dominio.
1015 1367 1156 1408 Unde
1189 1369 1332 1409 credo
1365 1370 1556 1410 beatum
1583 1369 1908 1409 Bernhardum
1926 1372 1964 1405 15

585 1438 807 1479 habuisse
829 1437 1050 1478 noticiam
1069 1438 1127 1478 de
1149 1438 1311 1479 toxico
1335 1438 1602 1479 dominandi
1623 1438 1671 1479 in
1685 1438 1906 1479 Romano

585 1507 831 1561 pontifice;
877 1513 924 1548 et
965 1507 1073 1547 ideo
1120 1507 1234 1548 dicit
1270 1508 1391 1548 libro
1425 1508 1498 1548 ΠΙ
1535 1509 1592 1549 ad
1622 1507 1906 1561 Eugenium:

585 1577 776 1618 anlnm
812 1578 892 1618 tibi
928 1589 1162 1626 venennm,
1206 1579 1386 1618 nnllam
1413 1579 1629 1631 gladium
1661 1579 1771 1631 plns
1795 1577 1906 1630 for-

584 1649 721 1700 mido,
752 1660 890 1699 qnam
922 1647 1155 1688 libidinem
1189 1648 1484 1696 dominandi,·
1525 1660 1622 1687 non
1655 1647 1776 1687 enim
1804 1645 1809 1702 Ι
1837 1660 1906 1688 se·
1951 1649 2029 1694 195¹³

586 1717 742 1770 quitur
775 1730 837 1757 ex
867 1716 1021 1770 primo
1053 1716 1325 1757 testimonio
1365 1716 1599 1770 scripture
1630 1716 1759 1757 Luce
1789 1716 1906 1768 XX,
1924 1730 1965 1751 20

585 1800 679 1840 quo
712 1787 913 1827 docetur
939 1786 1135 1827 Petrum
1165 1800 1310 1840 super
1342 1786 1459 1827 alios
1490 1786 1790 1840 preeminere
1820 1787 1907 1828 sed

585 1856 685 1897 eius
718 1856 1005 1910 oppositum.

640 1926 702 1967 Et
721 1926 830 1967 ideo
852 1926 974 1967 libro
995 1925 1042 1966 ΙΙ
1075 1926 1318 1967 declarans
1340 1939 1466 1980 pape
1499 1925 1723 1967 officium:
1758 1925 1810 1967 Si
1828 1926 1904 1967 hec

582 1996 724 2048 facis,
761 1995 927 2049 inquit,
965 1996 1242 2048 honorificas
1279 1996 1588 2037 ministerium
1625 1999 1769 2045 tnnm,
1813 2008 1903 2036 non

581 2067 826 2107 mediocris
863 2069 925 2106 est
962 2066 1043 2106 iste
1073 2066 1380 2119 principatus.
1431 2065 1531 2106 Hoc
1568 2066 1689 2106 enim
1727 2068 1790 2106 est
1827 2077 1900 2106 ex-
1918 2068 1957 2100 25

579 2137 755 2189 tirpare
791 2136 945 2177 malas
981 2136 1145 2176 bestias
1175 2148 1206 2176 a
1236 2136 1446 2176 terminis
1476 2136 1580 2184 tnis,
1625 2147 1710 2187 qno
1737 2143 1903 2187 greges

578 2207 646 2246 tni
665 2207 815 2247 secari
836 2207 884 2246 in
903 2218 1082 2258 pasena
1103 2206 1365 2247 educantur.
1397 2205 1621 2246 Domabis
1645 2206 1792 2257 lnpos,
1823 2205 1903 2246 sed

580 2276 735 2317 ovibns
775 2288 866 2316 non
915 2276 1239 2316 dominaberis.
1302 2275 1563 2316 Pascendas
1613 2275 1762 2326 ntiqne
1811 2286 1901 2315 non

571 2345 856 2397 premendas
885 2345 1132 2398 suscepisti.
1177 2343 1394 2384 Timebat
1427 2343 1549 2384 enim
1585 2342 1677 2384 iste
1710 2350 1899 2384 sanctus

580 2426 642 2455 ex
673 2413 997 2455 dominacione
1028 2413 1151 2454 illius
1184 2413 1311 2454 sedis
1344 2413 1706 2454 subversionem
1727 2419 1900 2455 vocate
1917 2417 1958 2449 30

581 2484 797 2526 ecclesie.

638 2553 873 2607 Quantum
924 2554 985 2594 ad
1028 2554 1288 2594 secundum
1332 2558 1658 2609 argumentum
1710 2553 1769 2592 de
1819 2552 1898 2593 illo

577 2624 741 2664 Matth.
780 2623 842 2676 X,
886 2623 968 2664 ubi
1009 2623 1218 2664 recitatis
1261 2623 1529 2664 nominibus
1575 2623 1899 2676 apostolorum

576 2692 749 2733 Petrus
771 2693 1065 2746 preponitur,
1086 2692 1281 2734 indubie
1302 2699 1495 2734 notatur
1515 2692 1742 2746 primatus
1757 2691 1899 2742 Petri,

652 2855 700 2887 18.
727 2855 810 2897 Cap.
830 2855 852 2896 1,
872 2865 904 2897 p.
924 2855 1002 2898 759.
1100 2865 1152 2896 24.
1180 2855 1264 2897 Cap.
1283 2855 1339 2894 VI,
1359 2865 1390 2896 p.
1411 2863 1488 2897 749.
1507 2855 1624 2885 Recte:
1653 2854 1896 2886 ministerium

576 2914 678 2946 tuum
703 2915 733 2945 et
758 2914 1001 2946 ministerium
1027 2915 1068 2945 te.
