2078 3338
243 293 296 340 84
967 298 1191 330 JOHANNIS
1217 298 1403 330 WYCIJF
1678 286 1787 340 [CAP.
1802 296 1841 324 v.

530 402 708 455 caritas,
748 416 839 455 que
876 414 965 443 non
997 403 1142 454 querit
1185 414 1268 454 que
1303 414 1390 443 sua
1421 406 1539 454 sunt,
1585 403 1712 455 quod
1743 407 1843 442 tota

530 471 727 512 civilitas
749 471 874 511 foret
896 476 1119 511 contenta
1139 470 1187 510 in
1209 470 1422 513 manibus
1443 471 1698 524 laycorum.
1725 470 1842 511 Nam

527 541 640 581 nulli
663 540 854 582 dubium
871 539 874 595 Ι
893 541 1004 594 quin
1027 541 1256 582 secularia
1280 540 1461 591 iudicia,
1495 541 1843 591 contenciones,
1893 546 1968 579 181c

527 623 691 664 pugne
724 615 772 650 et
804 610 890 650 alia
911 609 1148 651 laboriosa
1168 609 1395 650 manualia
1423 616 1532 650 sunt
1559 610 1707 663 laycis
1734 610 1843 663 plus

528 679 833 733 pertinencia,
855 679 970 720 illud
990 679 1136 733 igitur
1157 679 1308 732 magis
1329 681 1506 720 bonum
1521 679 1667 720 debet
1688 680 1843 720 clerus
1861 688 1876 720 5

528 754 770 802 appetere.
801 748 863 788 Et
894 753 1117 802 quantum
1142 749 1199 788 ad
1222 748 1463 789 arbitrium
1487 748 1600 788 cleri
1621 748 1843 789 variantis

526 818 574 858 in
588 818 895 871 perfeccione
911 831 964 858 ac
985 818 1186 858 utilitate
1201 821 1434 860 bonorum
1453 818 1610 870 seculi,
1628 818 1843 859 standum

529 893 604 929 est
645 889 753 942 plus
787 887 959 929 Christi
1004 893 1052 928 et
1095 888 1413 941 apostolorum
1447 887 1637 930 arbitrio
1671 893 1719 928 et
1748 901 1844 928 non

529 957 721 998 arbitrio
766 963 1034 998 nostrorum
1078 957 1384 1011 spiritualiter
1424 957 1723 999 infirmorum.
1783 958 1844 998 Et

526 1033 661 1081 patet
695 1027 933 1068 horrenda
971 1026 1247 1080 dampnacio
1285 1026 1420 1067 istius
1459 1026 1701 1067 sentencie
1733 1032 1842 1068 tam·
1864 1046 1902 1066 10

528 1110 665 1150 quam
708 1096 931 1148 heretice,
977 1097 1105 1150 quod
1149 1097 1386 1137 seculares
1430 1097 1595 1136 iuvent
1646 1096 1844 1137 clericos

529 1167 834 1206 exonerando
889 1179 972 1206 eos
1018 1179 1042 1206 a
1084 1166 1439 1219 temporalibus,
1491 1165 1661 1219 quibus
1710 1166 1844 1206 nimis

529 1236 713 1277 onerati
743 1241 853 1276 sunt
892 1249 953 1276 ex
986 1235 1141 1276 stultis
1174 1234 1504 1276 dotacionibus
1539 1235 1844 1277 dominorum.

526 1306 588 1346 Et
633 1311 855 1359 quantum
900 1306 957 1346 ad
990 1305 1230 1346 obiectum
1274 1305 1404 1359 quod
1446 1318 1534 1359 per
1570 1305 1707 1357 idem,
1740 1319 1845 1346 cum

526 1375 652 1429 layci
684 1375 906 1415 conversi
926 1380 1142 1429 tempore
1166 1375 1487 1429 apostolorum
1508 1373 1733 1415 vixerunt
1765 1388 1843 1415 ex·
1864 1383 1900 1416 15

527 1444 853 1499 proprietarie‚
911 1444 1069 1485 clerici
1127 1445 1306 1485 debent
1358 1457 1420 1484 ex
1476 1444 1844 1485 habundanciori

529 1515 720 1556 caritate
765 1515 950 1555 auferre
999 1516 1127 1555 bona
1193 1528 1217 1555 a
1267 1514 1429 1568 laycis,
1481 1520 1666 1556 constat
1717 1515 1845 1568 quod

527 1585 665 1639 pauci
695 1584 820 1639 layci
850 1584 1065 1638 perfecte
1100 1584 1322 1625 conversi
1353 1597 1441 1638 per
1472 1585 1718 1637 apostolos
1739 1584 1843 1624 reli-

528 1659 730 1708 querunt
781 1654 937 1694 omnia
986 1654 1265 1707 temporalia
1316 1666 1400 1694 sua
1452 1659 1500 1694 et
1550 1654 1846 1694 devenerunt

528 1724 687 1764 clerici
717 1723 945 1773 illiterati3
992 1729 1040 1765 et
1072 1724 1138 1764 sic
1172 1723 1379 1777 apostoli
1408 1722 1545 1764 titulo
1586 1723 1844 1764 elemosine
1861 1741 1903 1762 20

528 1794 807 1834 auferebant
834 1794 911 1834 illa
942 1793 1264 1847 relinquentes
1286 1792 1629 1846 imperfectum,
1662 1793 1845 1834 scilicet

526 1863 868 1917 proprietatem
921 1862 1107 1903 civilem
1158 1869 1211 1904 ut
1263 1863 1330 1903 eis
1397 1863 1722 1904 inconsonum.
1782 1862 1845 1903 Et

272 1953 390 1983 would
411 1955 477 1981 that
526 1932 701 1974 utinam
731 1932 885 1973 nostri
917 1932 1133 1986 episcopi
1164 1934 1434 1974 recolerent
1466 1932 1702 1986 quomodo
1736 1945 1843 1986 apo-

270 1990 477 2051 ⁰¹¹1s1k2¹⁵t¹1¹12p³
528 2002 637 2043 stoli
665 2016 862 2056 quorum
884 2002 1041 2042 officio
1065 2002 1328 2057 funguntur
1348 2003 1504 2044 taliter
1524 2001 1845 2043 converterint

244 2059 502 2129 Ἓξζῇῗξιέθζςᾶῃ
526 2072 690 2126 laycos
724 2072 781 2112 ad
811 2072 1164 2125 perfeccionem
1194 2074 1359 2127 regule
1403 2071 1667 2124 christiane,
1709 2070 1899 2112 relin-25

289 2129 459 2191 {fffifegssie‘ssss
528 2143 717 2196 quendo
749 2142 897 2195 laycis
932 2141 1227 2183 coactionem
1250 2142 1447 2183 civilem.
1477 2141 1689 2182 Perfecti
1720 2141 1843 2181 enim

273 2200 377 2226 omem
397 2203 429 2227 1⁰
444 2198 477 2225 it·
527 2212 706 2252 debent
747 2211 832 2251 niti
876 2210 1128 2251 assimilare
1171 2211 1419 2252 inferiores
1464 2211 1521 2251 ad
1565 2224 1696 2251 suam
1738 2223 1842 2264 per-

525 2281 788 2321 feccionem
822 2286 869 2321 et
898 2294 993 2321 non
1024 2294 1112 2334 per
1142 2281 1298 2321 media
1327 2280 1487 2321 illicita
1512 2280 1774 2320 inducendo
1795 2280 1843 2320 in

528 2364 689 2391 eorum
738 2349 1166 2404 imperfeccionem.
1218 2350 1350 2405 Papa
1390 2350 1536 2404 igitur
1586 2349 1665 2403 qui
1699 2349 1843 2390 debet

528 2433 633 2461 esse
648 2420 892 2474 proximus
909 2420 1109 2461 vicarius
1120 2419 1294 2461 Christi
1310 2421 1527 2460 ducendo
1543 2418 1842 2460 christianum
1858 2426 1900 2459 30

527 2489 786 2530 exercitum
831 2490 889 2530 ad
932 2490 1032 2530 eius
1078 2489 1373 2531 sanctitatem
1418 2489 1563 2529 debet
1598 2488 1688 2529 ista
1718 2488 1841 2542 prin-

526 2559 740 2612 cipaliter
768 2559 927 2599 facere
958 2565 1052 2599 tam
1085 2572 1232 2613 opere
1265 2573 1402 2613 quam
1435 2571 1667 2599 sermone.
1706 2558 1840 2611 Item,

526 2629 782 2669 secundum
833 2628 1065 2682 principia
1114 2628 1506 2682 philosophorum
1558 2627 1724 2668 melius
1769 2632 1842 2667 est

596 2833 610 2852 2
617 2824 633 2852 8
666 2824 730 2851 Cod
737 2824 781 2851 d.:
803 2824 970 2851 induendo.

599 2930 625 2953 ι.
652 2920 674 2951 Ι.
702 2920 781 2953 Cor.
809 2920 894 2958 XIII,
924 2919 952 2952 5.
