2078 3338
210 261 299 293 CAP.
324 253 393 304 xi]
608 262 666 293 DE
696 262 973 294 POTESTATE
1001 262 1129 294 PAPE.
1734 255 1812 303 283

267 365 399 408 Sexta
421 368 554 408 vestis
575 370 637 407 est
667 367 900 407 racionale
921 367 987 407 vel
1008 367 1183 419 Zogyon,
1215 367 1333 418 quod
1353 368 1529 419 pectori
1541 375 1815 438 Tlifebreastplate

201 436 434 489 pontificis
470 437 516 476 in
548 436 792 488 foramine
834 436 1227 489 sztperlzmnerczlz's
1269 437 1526 478 contexitur.
1569 419 1586 437 ⁰
1619 412 1790 447 Judgmem'

208 506 269 545 Et
319 506 407 547 fuit
457 506 604 547 vestis
657 505 912 546 conformis
964 510 1156 546 texture
1209 518 1319 547 cum,
1366 520 1525 559 super-

206 576 444 627 humerali,
459 577 638 616 habens
654 575 840 616 nomina
855 575 1103 616 duodecim
1116 575 1316 615 filiorum
1326 574 1527 617 Ysrahel

175 645 434 698 5inscripta
469 646 726 686 secundum
755 650 956 699 quatuor
985 644 1175 686 ordines
1196 645 1244 685 in
1276 645 1526 685 duodecim

206 714 456 768 lapidibus,
494 721 545 755 ut
580 715 839 755 recolendo
880 716 938 755 de
972 714 1146 756 sanctis
1183 714 1398 768 patribus
1430 728 1526 755 non

208 785 505 837 degenerent
544 786 600 825 ab
643 785 709 825 eis
740 785 787 825 in
819 785 1043 825 moribus.
1096 785 1151 825 In
1183 784 1337 825 medio
1371 789 1525 825 autem

207 853 295 893 fuit
327 854 446 907 lapis
480 853 769 905 sardonicus,
803 854 878 894 cui
909 854 1290 894 inscribebantur
1319 855 1408 894 hec
1431 854 1524 894 duo

207 923 412 963 nomina:
450 923 672 964 iudicium
704 925 782 964 vel
815 924 1029 964 doctrina
1067 928 1115 963 et
1146 922 1333 964 veritas.
1385 923 1524 963 Unde

152 1006 192 1030 10
207 994 464 1034 secundum
497 992 790 1046 Yosephum,
830 995 938 1034 dum
970 994 1179 1047 populus
1212 993 1301 1033 fuit
1333 993 1523 1033 domino

205 1062 447 1116 placabilis
494 1064 815 1117 sacerdosque
861 1064 992 1104 daret
1034 1064 1217 1117 populo
1266 1063 1525 1103 secundum

204 1131 568 1185 inspiracionem
605 1132 697 1173 Dei
740 1146 1022 1186 responsum
1059 1145 1358 1186 prosperum,
1403 1132 1524 1185 lapis

204 1201 251 1242 in
284 1200 469 1256 signum
500 1202 787 1255 placacionis
822 1202 978 1243 divine
1015 1203 1063 1243 in
1096 1201 1233 1243 solito
1267 1201 1523 1255 splendore

87 1274 168 1311 231¹i
207 1271 409 1312 emicuit.
450 1272 456 1317 Ι
495 1271 593 1313 Sed
627 1272 842 1313 ducentis
882 1272 1014 1313 annis
1045 1278 1295 1325 antequam
1335 1271 1525 1325 scripsit

152 1341 374 1381 15librum
400 1341 761 1396 Antiquitatum,
795 1343 923 1396 quod
966 1341 1054 1382 fuit
1084 1346 1301 1395 tempore
1334 1341 1446 1395 Tyti
1479 1347 1526 1382 et

204 1410 488 1464 Vaspasiani
533 1411 737 1452 cessavit
782 1411 935 1452 dictus
980 1412 1224 1465 splendor,
1269 1412 1399 1465 quod
1436 1410 1525 1451 fuit

204 1480 526 1534 prenosticum
575 1481 934 1534 reprobacionis
985 1480 1152 1535 populi
1203 1494 1265 1521 ex
1306 1486 1522 1534 peccatO.

204 1551 334 1590 Rasa
367 1550 492 1600 dicit,
531 1551 659 1604 quod
696 1551 798 1591 urin
838 1556 885 1591 et
921 1551 1079 1605 thyrin
1099 1550 1356 1600 Hebreum,
1395 1550 1522 1603 quod

205 1625 342 1659 sonat
393 1619 606 1660 doctrina
649 1626 697 1661 et
737 1619 926 1671 veritas,
978 1619 1066 1660 fuit
1114 1633 1288 1659 nomen
1332 1619 1523 1659 Domini

148 1706 190 1727 20
204 1689 766 1742 tetragramaton,virtute
785 1689 916 1730 cuius
931 1702 1216 1743 responsum
1232 1694 1278 1728 et
1293 1688 1523 1742 splendor

203 1759 384 1811 populo
417 1758 676 1799 innuebant
707 1764 754 1799 et
785 1758 942 1812 signat
972 1758 1169 1810 mistice,
1203 1759 1333 1811 quod
1365 1758 1521 1811 ponti-

203 1827 287 1867 fex
307 1827 516 1868 medians
537 1827 660 1868 inter
679 1828 835 1868 Deum
858 1833 906 1868 et
926 1829 1155 1881 populum
1178 1828 1324 1868 debet
1346 1829 1521 1868 docere

205 1897 464 1938 doctrinam
493 1897 757 1938 inhaustam
791 1899 1050 1939 secundum
1079 1897 1171 1938 Dei
1202 1897 1442 1949 iudicium3
1475 1903 1523 1938 et

203 1967 326 2008 sicut
361 1981 456 2008 non
496 1967 688 2008 docebit
720 1968 852 2010 aliam
895 1981 1032 2022 quam
1075 1967 1250 2008 veritas
1289 1967 1522 2021 suggerit,

147 2044 187 2077 25
204 2037 270 2077 sic
305 2037 560 2078 doctrinam
593 2051 723 2078 suam
756 2051 905 2092 opere
939 2043 986 2078 et
1015 2037 1205 2079 racione
1245 2037 1522 2078 confirmare

203 2120 298 2147 non
321 2107 516 2148 desistit.
552 2106 912 2149 Concatheuatur
933 2111 1085 2148 autem
1107 2109 1342 2148 racionale
1363 2120 1520 2160 super-

274 2286 297 2306 1.
319 2278 418 2306 Codd.
439 2278 469 2305 in
491 2286 606 2313 marg:
630 2278 726 2306 Sexta
745 2279 838 2307 vestis
859 2279 1030 2307 racionale.

272 2372 303 2405 9.
331 2362 523 2394 Historiam
557 2363 656 2394 istius
695 2364 854 2395 miraculi
894 2365 927 2395 in
965 2363 1111 2405 Josephi
1149 2364 1406 2405 Antiquitatum
1443 2364 1520 2397 Jud.

201 2420 260 2454 lib.
286 2420 340 2459 III,
372 2430 446 2462 cap.
479 2421 523 2452 IX
554 2420 622 2461 (ed.
651 2421 772 2454 Franc.
806 2421 901 2460 1588,
934 2433 966 2464 p.
1000 2419 1072 2465 38¹³)
1104 2422 1278 2453 invenies:
1311 2419 1362 2453 Ex
1395 2421 1521 2464 lapillis

202 2479 295 2509 enim
327 2488 414 2520 quas
446 2478 606 2510 Pontifex
639 2479 673 2509 in
703 2478 860 2511 humeris
892 2480 1052 2522 gestabat
1077 2507 1083 2513 .
1110 2506 1117 2513 .
1138 2506 1145 2513 .
1172 2479 1322 2511 micabat
1353 2479 1440 2511 alter
1458 2504 1465 2512 .
1484 2506 1492 2513 .
1512 2504 1520 2511 .

201 2541 335 2567 tantum
367 2535 541 2578 fulgorem
573 2537 760 2578 emittebat,
786 2544 824 2569 ut
854 2538 976 2580 procul
1003 2538 1112 2570 eciam
1140 2537 1355 2569 intuentibus
1384 2539 1521 2580 conspi-

202 2600 338 2626 ceretur
356 2620 363 2628 .
384 2620 391 2627 .
412 2620 419 2627 .
443 2594 511 2626 Sed
545 2594 738 2626 mirabilius
763 2618 771 2627 .
797 2622 804 2628 .
830 2607 854 2628 ,ι
888 2606 950 2637 per
982 2596 1169 2628 duodecim
1203 2605 1362 2638 gemmas
1386 2622 1393 2629 .
1420 2622 1426 2628 .
1454 2622 1461 2629 .
1486 2597 1519 2628 in

201 2652 295 2683 bello
321 2652 503 2683 victoriam
529 2653 757 2694 prenunciare
783 2654 876 2685 Deus
902 2654 1048 2694 solebat,
1081 2664 1162 2685 nam
1192 2654 1398 2696 priusquam
1424 2665 1520 2686 exer-

202 2710 289 2741 citus
314 2720 352 2741 se
377 2716 545 2751 moveret,
577 2717 693 2742 tantus
725 2710 842 2753 fulgor
874 2722 914 2744 ex
946 2713 996 2744 eis
1029 2712 1200 2744 emicabat
1230 2718 1268 2743 ut
1298 2712 1360 2743 toti
1388 2713 1520 2754 populo

201 2768 300 2799 facile
340 2769 572 2800 innotesceret
618 2768 740 2801 adesse
784 2770 1106 2803 Deum...Desiit
1141 2776 1259 2802 tamen
1298 2780 1374 2802 esse
1412 2781 1519 2812 quarn

201 2827 369 2858 Sardonix
395 2825 568 2868 fulgorem
596 2828 773 2859 emittente
800 2829 899 2859 annis
925 2838 991 2859 200
1010 2834 1088 2860 ante
1107 2839 1214 2871 quam
1232 2828 1318 2860 haec
1337 2839 1519 2861 commen-

200 2890 356 2915 taremur
381 2884 466 2915 irato
494 2885 568 2915 Deo
588 2910 595 2917 .
615 2909 622 2916 .
643 2910 649 2916 .
