2078 3338
271 258 350 295 286>
993 265 1220 295 JOHANNIS
1247 264 1430 295 wvci.iF
1683 249 1790 305 [cmv.
1810 260 1862 287 Χῖ.

556 381 734 421 genere
767 373 951 422 ponunt
984 368 1207 408 doctores
1241 366 1345 407 talis
1380 371 1569 407 ornatus
1612 365 1864 418 pontificis,

555 437 705 490 prima
726 443 778 478 ut
793 437 1080 477 excellencia
1099 436 1192 477 Dei
1215 436 1541 476 consideretur
1563 434 1865 475 affectuosius

557 507 663 546 dum
699 505 797 546 eius
831 506 1041 546 abiectus
1073 505 1273 546 vicarius
1307 504 1373 545 sic
1406 510 1609 545 ornatur.
1651 502 1867 545 Secunda

556 581 608 615 ut
659 575 933 615 sacerdotes
984 574 1127 615 medii
1175 575 1298 615 inter
1339 574 1496 614 Deum
1541 579 1588 614 et
1638 574 1867 627 populum

556 649 823 685 tractentur
843 644 1174 685 honorabilius.
1206 644 1372 684 Tercia
1404 649 1454 684 ut
1484 644 1690 697 populus
1721 643 1900 689 inten-5

558 714 637 754 dat
668 714 811 754 cultui
834 714 994 755 divino
1018 714 1352 754 delectabilius.
1374 713 1434 754 Et
1456 719 1618 766 quarta
1639 718 1691 753 ut
1713 713 1868 753 divina

559 783 850 824 excellencia
873 784 1200 824 consideretur
1220 783 1267 823 in
1289 782 1466 823 fabrica
1481 795 1563 823 sua
1579 782 1866 836 expressius.

328 866 404 892 now
425 865 474 891 the
556 853 651 893 Per
698 853 902 893 tunicam
954 853 1143 906 quidem
1193 853 1362 893 lineam
1424 852 1584 892 dicunt
1645 852 1867 892 doctores

275 903 745 976 sigfffifymffissoffigurari
787 928 959 963 terram
1004 936 1108 963 cum
1153 922 1248 963 suis
1293 922 1596 962 ornamentis:
1643 922 1868 962 Baitheus

293 971 342 996 me
364 977 515 996 unwesse'
556 992 706 1046 ligans
737 993 857 1032 hanc
888 991 1093 1032 tunicam
1124 991 1351 1046 figuratur
1383 1004 1647 1032 occeanum.
1691 990 1870 1030 Tunica
1889 1012 1927 1033 10

556 1060 803 1101 iacinctina
832 1061 1023 1102 racione
1057 1060 1229 1101 coloris
1262 1060 1418 1114 signat
1450 1074 1614 1102 aerem.
1664 1060 1726 1100 Et
1765 1065 1868 1113 tyn-

557 1130 766 1171 tinabula
810 1144 913 1170 cum
956 1130 1284 1185 malogranatis
1328 1135 1493 1171 notant
1529 1129 1732 1170 tonitrua
1766 1142 1869 1169 curn

559 1200 657 1240 aliis
689 1200 808 1240 aeris
839 1200 1244 1253 impressionibus.
1279 1199 1478 1252 Quidam
1501 1204 1655 1240 autem
1686 1203 1871 1252 ponunt

557 1271 796 1310 baltheum
813 1269 1080 1323 cingentem
1093 1269 1213 1309 hanc
1234 1269 1437 1310 tunicam
1459 1270 1662 1324 figurare
1685 1281 1871 1322 speram

558 1339 679 1393 ignis
714 1339 982 1392 cingentem
1014 1352 1182 1389 aerem,
1215 1339 1600 1392 superhumerale
1626 1352 1728 1379 cum
1759 1337 1927 1382 raci-15

560 1409 682 1449 onali
713 1409 803 1449 sibi
823 1409 983 1449 iuncto
1008 1409 1163 1464 signat
1186 1410 1336 1449 celum
1360 1409 1612 1459 ethereum,
1647 1414 1694 1448 et
1724 1407 1871 1449 multi-

559 1479 673 1519 tudo
699 1480 908 1518 colorum
932 1478 1250 1519 diversitatem
1275 1479 1522 1521 stellarum.
1552 1480 1661 1519 Duo
1690 1477 1872 1531 lapides

561 1547 765 1588 onichini
797 1548 988 1601 signant
1020 1549 1111 1589 duo
1143 1548 1382 1588 luminaria
1413 1561 1580 1602 magna
1625 1548 1726 1601 celi,
1759 1548 1872 1587 duo-

561 1618 712 1658 decim
735 1631 920 1671 gemme
941 1618 988 1658 in
1010 1618 1227 1658 racionali
1250 1618 1438 1672 signant
1460 1618 1709 1659 duodecim
1741 1617 1876 1670 signa

560 1688 750 1740 zodiaci,
779 1689 783 1740 Ι
810 1687 858 1727 in
902 1687 1072 1741 quibus
1118 1693 1227 1728 sunt
1270 1688 1485 1728 raciones
1528 1687 1724 1728 istorum
1769 1687 1873 1727 sub·
1915 1697 1954 1728 23
1984 1699 1995 1711 ⁰

559 1757 806 1809 lunarium;
850 1758 976 1798 unde
1008 1758 1108 1798 Yob
1142 1757 1438 1798 XXXVIII:
1483 1757 1717 1810 Numquid
1758 1756 1876 1797 nosti

561 1829 769 1868 ordinem
801 1828 883 1868 eelz·
905 1830 943 1868 et
968 1840 1114 1880 pones
1143 1828 1377 1867 racionem
1400 1828 1496 1867 eius
1525 1828 1574 1868 in
1605 1827 1761 1867 terra?
1783 1826 1876 1866 Per

561 1897 742 1938 mitram
789 1910 902 1937 vero
946 1897 1176 1950 figuratur
1220 1897 1368 1936 celum
1415 1896 1673 1950 empireum
1712 1902 1759 1937 et
1789 1909 1876 1949 per

560 1967 774 2008 laminam
826 1980 1011 2007 auream
1074 1966 1288 2006 dominus
1348 1966 1599 2019 presidens
1660 1966 1874 2007 omnibus

563 2037 802 2078 creaturis.
848 2036 910 2077 Et
950 2036 1058 2076 hinc
1102 2049 1273 2076 nomen
1305 2036 1495 2076 Domini
1538 2050 1754 2090 magnum
1786 2035 1931 2076 sibi25

560 2106 838 2148 inscribitur.
872 2107 933 2147 Et
953 2106 1061 2147 hinc
1085 2107 1291 2147 creditur
1311 2106 1637 2147 Alexandrum
1658 2119 1876 2160 magnum

564 2177 756 2217 adorare
807 2176 959 2216 Deum
1009 2190 1211 2229 pronum
1260 2176 1308 2216 in
1358 2182 1540 2228 terram,
1598 2176 1706 2216 dum
1759 2175 1877 2216 vidit

562 2246 757 2287 formam
788 2246 1025 2299 pontificis
1061 2246 1126 2286 sic
1169 2246 1342 2299 vestiti,
1381 2252 1433 2286 ut
1463 2251 1619 2286 narrat
1648 2245 1878 2299 Magister

564 2316 907 2357 Historioarum
934 2316 981 2356 in
1002 2316 1196 2357 historia
1217 2317 1582 2356 Machabeorum
1603 2316 1752 2369 primo
1776 2328 1875 2368 cap.

349 2393 472 2421 Certain
623 2385 892 2426 Notandum
923 2391 1080 2426 autem
1113 2386 1242 2439 quod
1287 2385 1611 2426 sacerdotibus
1643 2384 1876 2425 inferioris
1894 2392 1934 2424 30

323 2437 378 2456 orn
385 2433 503 2455 amenis

278 2463 541 2533 1·ef1¹<333e‡rtigsghe
565 2454 742 2495 ordinis
786 2468 881 2495 non
926 2455 1060 2495 datur
1102 2455 1260 2495 tunica
1300 2454 1551 2496 iacinctina
1592 2467 1681 2495 nec
1713 2467 1876 2507 super-

563 2525 798 2564 humerale
842 2538 930 2564 nec
972 2524 1207 2564 racionale
1253 2538 1342 2564 nec
1385 2524 1554 2564 lamina
1598 2537 1748 2573 aurea,
1793 2523 1878 2563 sed

566 2594 653 2634 soli
677 2607 855 2634 summo
878 2595 1106 2648 pontifici⁷
1140 2594 1262 2635 sicut
1282 2595 1326 2635 in
1351 2594 1525 2635 nostris
1549 2593 1876 2634 sacerdotibus

638 2824 689 2845 21.
716 2814 780 2846 Job
813 2814 930 2855 XVIII,
966 2816 1018 2848 33.
1128 2824 1179 2857 29.
1213 2815 1376 2856 Magister
1408 2814 1655 2853 Historiarum3
1688 2814 1756 2846 vid.
1789 2814 1877 2846 Ῥεῖν.

566 2872 720 2905 Comest.
748 2873 769 2904 l.
797 2883 822 2904 e.
