2078 3338
200 272 251 308 24
923 268 1146 300 JoHANle
1172 267 1357 300 WYCLlF
1638 255 1745 312 [CAP.
1765 266 1801 293 Π.

546 373 644 415 Sed
689 373 878 414 dimissa
920 373 1010 414 ista
1061 371 1356 412 dissensione
1400 372 1570 425 logica,
1616 372 1805 413 videtur

489 444 618 498 quod
649 443 797 483 omnis
830 447 1047 496 potestas
1080 441 1303 481 secularis
1340 441 1622 482 diminuetur
1653 455 1803 494 usque

489 514 550 553 ad
580 526 675 553 non
707 513 918 566 gradum,
965 511 1073 565 quia
1117 511 1268 551 solum
1301 511 1438 551 durat
1467 525 1556 565 pro
1589 516 1804 564 tempore

488 583 578 636 vie,
612 587 665 622 ut
696 583 840 622 docet
870 581 1136 634 Apostolus
1168 579 1320 633 prima
1352 580 1559 621 Corinth.
1586 579 1698 633 XV,
1732 594 1804 631 24:

488 653 676 702 Deinde,
708 651 873 704 inquit,
906 652 1038 702 finis,
1071 663 1175 691 curn
1206 651 1455 691 tradiderit
1484 659 1680 703 regnum
1714 650 1839 690 De05

489 726 529 764 et
559 723 707 776 Patri,
752 734 856 762 cum
889 721 1176 761 evacuaverit
1206 732 1387 760 ornnem
1415 720 1736 772 principatum
1769 723 1807 759 et

486 795 750 845 potestatem
777 794 816 831 et
837 792 1061 831 virtutem.
1097 789 1218 830 Ymo
1241 788 1443 842 videtur,
1467 803 1571 829 cum
1594 788 1806 830 Christus

224 868 355 895 Prelates
375 866 451 893 have
488 861 654 902 limitat
686 860 812 901 omni
857 858 1095 900 sacerdoti
1126 871 1211 898 suo
1256 857 1453 898 formam
1486 864 1534 899 et
1564 871 1807 899 numerum

199 903 474 975 lestshffiuilrffftffssw
491 931 799 983 obiectorum,
834 929 963 983 quod
993 928 1134 969 hodie
1167 934 1278 969 sunt
1298 928 1534 982 prepositi
1554 930 1807 982 potestatis

260 976 416 1034 Ρὲἷῑῗῖἓέῗ
491 1000 681 1041 minoris
727 1012 865 1053 quam
898 1004 1030 1039 erant
1059 998 1107 1038 in
1138 998 1377 1051 primitiva
1409 997 1625 1052 ecclesia,
1660 1005 1708 1040 et
1741 999 1808 1039 sic
1830 1014 1866 1034 10

491 1083 643 1123 usque
676 1070 733 1109 ad
764 1082 859 1108 non
892 1069 1100 1122 gradum.
1150 1068 1212 1108 Et
1253 1068 1303 1108 id
1342 1067 1698 1109 considerarent
1730 1069 1810 1123 qui

492 1141 635 1181 stulte
680 1146 728 1180 et
770 1138 932 1179 nescie
977 1151 1106 1178 suam
1157 1136 1458 1190 magnificant
1507 1143 1807 1191 potestatem.

491 1209 695 1250 Videtur
740 1208 858 1248 enim
906 1208 1037 1261 quod
1085 1207 1566 1261 proporcionabiliter
1609 1214 1660 1248 ut
1702 1210 1810 1262 plus

491 1278 730 1320 meritorie
761 1277 972 1318 nituntur
1005 1277 1065 1317 ad
1098 1277 1410 1317 edificandum
1443 1277 1704 1331 ecclesiam,
1743 1278 1811 1319 sic

490 1350 668 1389 habent
710 1347 908 1401 amplius
941 1346 1206 1400 potestatis,
1252 1360 1355 1387 cum
1393 1348 1657 1388 secundum
1688 1348 1811 1389 illam
1832 1356 1866 1388 15

491 1431 757 1459 mensuram
789 1418 923 1457 Deus
957 1417 1037 1457 dat
1066 1422 1357 1470 potestatem
1388 1416 1674 1464 hominibus;
1715 1418 1810 1471 qui-

490 1488 610 1529 libet
641 1493 795 1528 autem
830 1487 1029 1527 clericus
1061 1487 1140 1527 vel
1170 1486 1317 1526 laicus
1348 1487 1493 1527 habet
1523 1493 1812 1540 potestatem

492 1558 804 1599 sufficientem
838 1556 1086 1597 edificandi
1118 1556 1379 1603 ecclesiam,
1413 1556 1452 1596 si
1473 1557 1679 1597 voluerit
1705 1571 1811 1598 esse

490 1628 584 1668 Dei
629 1627 828 1680 adiutor,
873 1626 1051 1667 faciens
1086 1626 1216 1679 quod
1246 1626 1379 1666 Deus
1420 1626 1676 1667 destinavit
1707 1641 1812 1667 eum

492 1699 550 1738 ad
587 1697 742 1738 taliter
784 1696 1064 1738 faciendum.
1116 1695 1379 1749 Noverunt,
1422 1695 1625 1749 inquam,
1668 1697 1813 1750 logici
1828 1715 1870 1736 20

493 1768 622 1821 quod
645 1773 719 1808 est
748 1767 797 1807 in
818 1766 966 1806 libera
987 1771 1233 1819 potestate
1254 1765 1456 1806 hominis
1493 1766 1649 1806 facere
1684 1767 1813 1818 quod

492 1838 625 1878 Deus
657 1836 914 1877 destinavit
947 1849 1052 1876 eum
1098 1836 1174 1876 vel
1206 1835 1440 1877 ordinavit
1472 1849 1577 1876 eum
1610 1836 1668 1876 ad
1693 1837 1813 1877 fines

490 1906 773 1948 huiusmodi.
849 1904 948 1946 Sed
999 1905 1133 1946 aliter
1184 1907 1439 1959 loquuntur
1497 1906 1577 1958 qui
1628 1912 1814 1959 ponunt

490 1979 686 2030 globum
730 1975 985 2030 potestatis
1032 1989 1170 2029 quam
1213 1975 1349 2016 Deus
1401 1975 1604 2016 ubilibet
1648 1981 1813 2029 potest

490 2061 578 2100 per
610 2061 662 2088 se
694 2060 889 2100 ponere.
1829 2054 1868 2085 25

233 2121 447 2149 Miraclesare
550 2116 771 2158 Secundo
816 2115 1144 2169 principaliter
1188 2114 1397 2169 arguitur
1432 2112 1524 2170 lde
1570 2120 1812 2168 potestate
1856 2122 1934 2165 167a

203 2157 468 2220 *g‘gssksalgsssseaffi
489 2187 694 2227 faciendi
737 2185 969 2237 miracula,
1015 2186 1074 2225 de
1118 2190 1362 2238 potestate
1408 2184 1546 2224 dandi
1585 2184 1812 2238 Spiritum

221 2229 452 2294 ἓιτιεὴιῖῗῑπζὲἒξῗ
491 2255 716 2298 Sanctum
749 2256 827 2296 vel
859 2255 1075 2309 graciam,
1115 2255 1174 2295 de
1205 2260 1452 2308 potestate
1486 2255 1637 2308 ampla
1662 2255 1811 2294 absol-

489 2327 633 2366 vendi
664 2327 744 2366 vel
778 2324 1084 2379 dispensandi
1116 2324 1203 2365 alia
1235 2329 1537 2366 sacramenta.

550 2395 785 2448 Quantum
819 2395 877 2436 ad
907 2395 1108 2448 primum
1139 2393 1329 2435 videtur
1361 2394 1471 2434 mihi
1510 2394 1639 2447 quod
1682 2393 1811 2434 mira·
1829 2403 1870 2435 30

489 2467 644 2505 culum
675 2470 838 2518 potest
886 2464 978 2505 dici
1008 2464 1185 2504 factum
1216 2464 1295 2504 vel
1322 2463 1475 2504 saccio
1518 2476 1656 2517 quam
1677 2463 1811 2503 Deus

488 2534 798 2588 appropriate
831 2534 956 2585 facit,
991 2540 1039 2574 et
1071 2532 1138 2574 sic
1167 2534 1294 2574 solus
1316 2533 1451 2573 Deus
1475 2532 1573 2586 agit
1593 2532 1813 2573 miracula

490 2611 536 2645 et
567 2605 711 2658 longe
747 2603 959 2644 crebrius
984 2617 1121 2657 quam
1142 2611 1375 2657 putamus,
1408 2602 1518 2656 quia
1542 2602 1812 2655 quicunque

490 2679 617 2714 creat
659 2673 773 2715 licet
820 2673 970 2726 solita,
1025 2672 1137 2727 quia
1187 2686 1277 2714 riori
1320 2674 1559 2714 miramur
1602 2684 1670 2725 ea,
1720 2684 1810 2712 nori

553 2866 580 2885 2.
611 2857 735 2885 Codd.:
770 2857 957 2885 diminuetur
984 2847 1064 2885 dHE‘z.
1151 2864 1196 2883 21.
1224 2855 1342 2883 Codd.:
1373 2855 1527 2883 libertate.
1616 2853 1665 2882 30.
1694 2854 1747 2882 AB
1776 2853 1807 2881 in

482 2912 596 2941 marg:
616 2903 813 2932 Miraculum.
