2078 3338
204 242 292 271 CAP-
308 231 377 289 VL]
602 246 661 277 DE
690 244 967 277 PoTEsTATE
997 245 1123 276 ΡΑΡΕ.

204 352 257 390 de
279 350 463 391 veritate
486 353 525 391 et
547 351 814 391 auctoritate
835 350 1073 402 scripture.
1095 349 1157 390 Et
1178 355 1311 403 patet
1334 363 1394 389 ex
1415 350 1520 403 hoc,

205 419 333 473 quod
364 419 487 460 idem
527 426 656 460 esset
686 419 930 473 parificare
973 432 1133 460 eorum
1167 419 1291 460 dicta
1322 419 1521 461 auctori-

1730 248 1806 286 109

204 489 288 530 tati
320 488 566 542 scripture,
601 495 648 529 et
680 502 891 529 asserere
927 489 1055 542 quod
1091 488 1295 542 Spiritus
1319 488 1520 530 Sanctus
1549 507 1606 526 nor
1628 499 1705 527 have
1724 500 1803 527 their

1563 534 1703 569 writings
1724 543 1783 563 anv

206 565 252 599 et
282 559 452 610 Jhesus
484 563 648 599 noster
678 559 766 599 hec
798 558 844 598 in
876 558 991 611 ipsis
1024 558 1243 611 loquitur.
1297 557 1394 600 Sed
1426 559 1522 600 vite
1557 570 1647 597 claim
1667 574 1697 596 10
1718 566 1793 597 suin

173 636 188 668 5
207 642 368 669 eorum
385 628 645 681 elongacio‚
670 628 912 669 sentencie
938 627 1239 668 contrariacio
1262 633 1309 668 et
1330 628 1527 682 propria

209 697 447 738 confessio
495 698 841 749 contradicunt;
887 696 1055 738 vivunt
1087 697 1208 738 enim
1240 699 1527 751 voluptuose

209 772 257 808 et
295 781 449 807 sermo
490 780 653 808 eorum
685 767 809 821 sapit
841 766 1099 808 avariciam.
1148 764 1244 808 Sed
1277 766 1528 821 Sapiencie

207 837 241 888 I,
275 849 296 888 5
332 836 514 887 dicitur,
548 837 676 890 quod
701 836 904 890 Spiritus
928 836 1122 878 Sanctus
1153 838 1390 890 discipline
1422 837 1528 891 ffa-

201 908 295 960 giet
312 908 492 959 fictum,
523 908 630 948 ideo
663 907 788 960 perit
817 907 907 948 illis
941 907 1186 948 evidencia
1225 907 1528 958 auctoritatis,

155 993 193 1013 10
209 978 337 1030 quod
360 976 566 1029 Spiritus
591 977 792 1019 Sanctus
816 977 930 1018 dicit
951 977 997 1017 in
1019 977 1108 1018 illis
1132 991 1239 1018 suas
1263 977 1529 1018 sentencias

94 1051 171 1084 188n
211 1051 260 1087 et
304 1059 407 1086 cum
450 1046 497 1087 in
530 1046 715 1088 Christo
748 1061 840 1087 non
877 1047 1068 1087 fuerunt
1097 1047 1177 1088 Est
1214 1050 1254 1088 et
1290 1046 1405 1098 Non,
1440 1045 1444 1102 Ι
1480 1052 1532 1087 ut

210 1121 343 1169 patet
386 1115 433 1156 II
472 1116 576 1159 Cor.
614 1117 649 1166 Ι,
696 1131 756 1169 17,
802 1120 871 1168 18;
927 1116 1020 1170 ipsi
1064 1122 1218 1158 autem
1262 1129 1379 1170 sepe
1425 1130 1530 1157 con-

211 1185 459 1227 trariantur
504 1186 753 1240 evangelio
800 1200 853 1227 ac
906 1186 1052 1227 eciam
1099 1186 1189 1227 sibi
1238 1186 1368 1239 ipsis,
1420 1185 1529 1227 ideo

213 1255 339 1309 perit
369 1255 458 1296 illis
492 1261 715 1309 quantum
748 1257 807 1296 ad
838 1256 914 1296 illa
956 1255 1002 1296 in
1032 1256 1203 1309 quibus
1238 1261 1530 1308 extraneant,

160 1330 195 1361 15
214 1324 385 1366 Christi
413 1325 682 1377 auctorita53
710 1339 827 1379 sepe
857 1325 980 1366 enim
1004 1325 1284 1366 contradicit
1297 1325 1531 1378 posterior

212 1394 504 1448 precedenti.
537 1394 598 1436 Et
621 1400 846 1448 quantum
879 1395 937 1435 ad
970 1393 1397 1435 conformacionem
1420 1407 1528 1447 pro-

212 1464 375 1518 priam,
447 1470 556 1505 sunt
607 1466 751 1506 multa
802 1464 926 1505 dicta
984 1469 1251 1505 sanctorum
1303 1477 1531 1517 paparum

215 1533 518 1575 eminenciam
564 1534 798 1587 scripture
844 1534 1146 1576 concorditer
1185 1534 1530 1585 confitencium,

214 1603 336 1645 sicut
366 1603 543 1644 faciunt
587 1604 736 1644 sancti
768 1604 1005 1655 doctores,
1043 1604 1090 1644 in
1123 1604 1293 1657 quibus
1333 1603 1531 1643 fundant

158 1689 196 1710 20
215 1687 343 1714 suam
377 1673 677 1726 sentenciam,
709 1687 819 1728 ymo
851 1674 899 1714 in
921 1673 965 1713 V
988 1673 1309 1714 Decretalium
1339 1674 1398 1713 de
1429 1686 1531 1713 sen-

214 1743 370 1783 tencia
407 1743 914 1784 excommunicacionis
940 1756 1025 1797 cap
1055 1743 1096 1785 A
1126 1744 1252 1784 nohis
1281 1743 1532 1783 confitetur

214 1826 342 1867 papa
371 1813 428 1853 de
463 1826 546 1853 sua
577 1812 790 1866 ecclesia,
824 1813 952 1866 quod
983 1825 1085 1866 sepe
1104 1813 1237 1865 fallit
1269 1815 1308 1853 et
1326 1812 1532 1865 fallitur,

217 1882 361 1923 eciam
405 1883 465 1922 de
510 1882 1006 1923 excommunicacione
1051 1889 1098 1922 et
1140 1881 1446 1922 absolucione
1484 1880 1532 1920 in

216 1953 385 2006 quibus
428 1952 577 2006 magis
610 1953 889 1993 attenderet.
941 1952 1056 1993 Ideo
1089 1966 1183 1993 non
1221 1956 1424 2005 possent
1455 1964 1530 2004 pa-

158 2021 397 2062 25tencius
443 2035 663 2063 accusare
709 2036 761 2063 se
807 2022 940 2076 ipsos
989 2022 1047 2063 de
1081 2021 1247 2075 supina
1289 2020 1534 2061 blasfemia

217 2105 353 2145 quam
404 2092 646 2145 parificare
699 2092 823 2133 dicta
866 2105 950 2132 sua
995 2097 1221 2132 extranea
1265 2090 1532 2144 evangelio,

216 2160 486 2214 specialiter
518 2176 621 2202 cum
655 2161 879 2202 deficiunt
909 2161 956 2201 in
989 2166 1232 2215 potestate
1264 2160 1444 2212 minori,
1483 2166 1534 2201 ut

216 2236 331 2284 puta
361 2230 763 2285 interpretacione
788 2244 1057 2272 sermonum
1080 2230 1203 2271 facta
1223 2230 1270 2271 in
1292 2231 1532 2283 loquendo

217 2299 370 2340 omnia
400 2300 661 2354 linguarum
692 2314 881 2355 genera,
920 2306 971 2341 ut
1001 2300 1217 2340 fecerunt
1249 2299 1454 2353 apostoli
1487 2305 1534 2339 et

161 2370 289 2411 3osui
337 2370 570 2422 conversi,
614 2383 731 2424 ymo
775 2370 823 2410 in
873 2371 1147 2410 exercendo
1192 2369 1373 2423 gracias
1417 2368 1532 2408 sani-

217 2444 376 2482 tatum.
408 2440 469 2481 Et
500 2439 589 2480 ista
620 2444 729 2480 sunt
760 2438 992 2480 modicum
1024 2439 1071 2479 in
1095 2438 1453 2493 comparacione
1477 2439 1534 2478 ad

290 2630 334 2650 21.
367 2622 418 2649 AB
447 2621 477 2649 in
508 2629 625 2657 marg:
659 2621 836 2649 Auctoritas
865 2628 956 2648 sacre
983 2620 1138 2656 scripture
1170 2620 1290 2648 excellit
1321 2628 1425 2648 omnes
1454 2620 1536 2648 alias

216 2668 401 2703 scripturas.

294 2762 320 2785 1.
345 2751 397 2783 De
412 2752 565 2783 Veritate
584 2753 687 2784 Sacre
705 2751 880 2793 Scripture
900 2765 942 2779 =
956 2750 1057 2782 Book
1071 2748 1142 2780 Vi²¹³
1169 2750 1209 2782 of
1226 2750 1372 2793 Wyclifs
1390 2751 1534 2782 Summa

220 2808 435 2851 Theologiae
454 2809 507 2842 ed.
525 2810 748 2851 Buddensieg
766 2809 921 2851 (Lipsiae
940 2814 973 2840 et
993 2809 1201 2849 Londoniis)
1226 2819 1322 2851 1904.
1412 2817 1465 2841 21.
1491 2809 1532 2850 V,

221 2867 274 2910 39,
304 2865 355 2898 28.

1574 604 1729 641 authority
1750 613 1783 632 as

1586 639 1714 674 belongs
1735 644 1765 666 to

1594 673 1764 709 Scripture.
