2078 3338
236 2254 307 2280 Paul
332 2253 383 2280 did
406 2258 457 2279 not

209 2294 314 2323 accept
330 2288 484 2323 autliorily

208 2332 243 2350 01·
263 2324 377 2350 licence
397 2323 476 2349 from

302 2359 397 2385 Peter.

922 265 1145 297 JOHANle
1172 265 1358 296 WYCLIF
1639 253 1746 310 [CAP.
1766 262 1803 289 v.

490 370 663 410 dictum
732 370 878 409 Petro
939 376 1175 423 tamquam
1242 370 1452 424 generali
1511 370 1807 423 procuratori

491 440 690 481 ecclesie
735 440 1035 480 sacerdotum
1081 445 1128 480 et
1169 453 1265 480 non
1309 445 1543 493 tamquam
1584 440 1807 494 singulari

489 510 738 561 recipienti
789 524 877 563 pro
930 523 981 549 se
1030 510 1179 549 solum
1221 510 1309 549 hoc
1353 509 1665 563 privilegium,
1721 511 1807 551 sed

488 581 733 621 limitatum
768 586 814 619 et
848 579 1095 620 diffinitum
1118 578 1206 619 fuit
1228 592 1253 618 a
1276 578 1461 619 Christo
1494 585 1657 632 preter
1689 580 1806 621 ordi-

489 651 731 691 nacionem
793 650 1037 689 humanam
1100 649 1339 702 quomodo
1393 651 1665 691 sacerdotes
1719 650 1840 690 sibi-‘2

488 721 669 761 habiles
721 719 973 772 privilegio
1025 719 1104 759 isti
1146 718 1446 772 participent.
1498 720 1559 760 Et
1601 721 1691 761 ista
1735 726 1808 760 est

493 789 734 831 sentencia
777 789 1035 843 Augustini
1067 802 1212 841 super
1247 788 1310 839 X,
1356 788 1534 830 Omelia
1575 790 1806 830 CXXIV:

491 861 666 912 Petrus,
711 859 874 912 inquit,
921 861 1151 912 apostolus
1188 862 1380 911 propter
1422 861 1701 913 apostolatus
1737 860 1809 900 sui

489 932 748 984 primatum
782 931 966 982 gerebat
985 931 1202 982 figurata
1236 931 1536 982 generalitate
1562 942 1809 982 personam

493 1001 689 1048 ecclesie;
734 1000 859 1052 quod
904 999 1025 1040 enim
1069 1000 1127 1039 ad
1167 999 1323 1053 ipsum
1363 999 1558 1053 proprie
1589 999 1869 1053 pertinet,1o

492 1076 657 1110 natura
678 1083 798 1109 unus
820 1070 961 1109 homo
992 1075 1091 1110 erat
1123 1069 1281 1122 gracia
1315 1069 1605 1122 christianus,
1636 1070 1811 1109 habun-

494 1140 702 1180 danciori
734 1139 891 1191 gracia
928 1153 1048 1180 unus
1080 1139 1300 1193 idemque
1340 1139 1518 1193 primus
1553 1139 1810 1193 apostolus,

493 1209 590 1251 Sed
624 1210 814 1263 quando
850 1209 892 1250 ei
925 1209 1098 1249 dictum
1133 1214 1224 1250 est:
1263 1210 1356 1249 Tibi
1377 1211 1492 1250 dabo
1514 1211 1660 1250 claves
1682 1210 1812 1261 regni

492 1281 708 1329 celorum,
752 1283 790 1319 et
833 1281 1141 1332 quodcumque
1184 1280 1401 1332 ligavem's
1443 1292 1581 1332 snper
1623 1282 1811 1330 terram,

493 1351 575 1390 erit
617 1350 812 1402 ligatum
857 1353 896 1389 et
939 1350 986 1389 in
1033 1350 1150 1401 celis,
1196 1353 1234 1389 et
1276 1350 1583 1401 quodcumque
1625 1349 1868 1388 solveris&

492 1432 628 1473 super
659 1423 848 1472 terram,
888 1420 971 1460 erit
1008 1421 1207 1460 solutum
1241 1422 1279 1459 et
1311 1420 1357 1459 in
1389 1420 1506 1471 celis,
1546 1417 1812 1458 universam

494 1489 649 1545 signat
702 1488 962 1540 ecclesiam,
1017 1502 1107 1542 que
1158 1489 1206 1529 in
1256 1489 1344 1528 hoc
1397 1489 1557 1528 seculo
1612 1487 1812 1527 diversis

497 1558 896 1612 temptacionibus
948 1565 1000 1599 ut
1050 1558 1297 1611 ymbribus
1351 1564 1398 1598 et
1448 1557 1813 1611 tempestatibus

496 1629 712 1682 quatitur,
760 1634 806 1669 et
837 1642 932 1669 non
965 1628 1098 1679 cadit,
1128 1629 1131 1682 f
1161 1627 1382 1681 quoniam
1420 1628 1639 1667 fundatur
1671 1640 1815 1680 super
1859 1629 1935 1663 185h

494 1705 694 1752 petram;
719 1700 844 1739 unde
866 1699 1039 1739 Petrus
1062 1712 1233 1738 nomen
1254 1698 1453 1751 accepit,
1480 1711 1572 1750 que
1594 1697 1815 1737 fundatur
1833 1711 1873 1732 20

494 1769 539 1809 in
575 1768 773 1810 Christo.
809 1768 1059 1808 Horrenda
1088 1768 1247 1822 itaque
1282 1774 1329 1808 et
1358 1767 1559 1807 infidelis
1591 1766 1814 1807 seduccio

497 1839 773 1892 simplicium
797 1840 1039 1892 laycorum
1063 1838 1187 1879 foret
1220 1852 1273 1878 ex
1304 1838 1397 1878 isto
1420 1843 1556 1878 textu
1582 1836 1816 1890 evangelii

499 1909 777 1962 episcopum
816 1907 1204 1948 irracionabiliter
1240 1921 1486 1948 reservare
1526 1907 1616 1947 sibi
1647 1911 1814 1959 poten-

499 1978 612 2018 ciam
647 1979 703 2018 ad
735 1978 972 2032 ligandum
1008 1983 1054 2017 et
1087 1991 1251 2018 cecare
1284 1978 1513 2030 populum
1555 1990 1657 2016 cum
1690 1977 1814 2015 laxa-

498 2048 633 2088 cione
664 2047 916 2101 potestatis
939 2047 1132 2101 proprie
1158 2052 1205 2088 et
1227 2046 1539 2100 suspensione
1561 2044 1814 2099 potestatis
1832 2050 1871 2082 25

499 2119 700 2170 alterius,
734 2123 785 2157 ut
807 2124 938 2171 patet
970 2117 1017 2157 in
1050 2117 1243 2158 materia
1267 2117 1325 2156 de
1358 2121 1652 2156 sacramento
1685 2114 1814 2168 peni-

497 2187 666 2229 tencie.

557 2256 655 2298 Sed
698 2257 846 2297 tercio
892 2257 1026 2297 nimis
1070 2256 1240 2296 leviter
1271 2255 1649 2309 sollempnisatur
1687 2255 1816 2307 quod

499 2327 672 2367 Paulus
706 2327 890 2379 accepit
923 2326 1219 2367 autoritatem
1255 2332 1302 2366 et
1333 2325 1575 2365 licenciam
1609 2339 1635 2363 a
1668 2324 1814 2364 Petro

502 2397 558 2436 ad
589 2396 925 2449 predicandum
956 2396 1003 2436 in
1036 2395 1260 2449 gentibus
1295 2409 1356 2435 ex
1387 2400 1524 2435 textu
1555 2394 1653 2435 Gal.
1678 2393 1735 2447 Π,
1771 2399 1873 2446 9:30

503 2465 617 2508 Cum
661 2467 979 2518 cognovissent,
1023 2465 1188 2519 inquit,
1228 2466 1445 2517 graciam
1488 2477 1570 2517 que
1607 2465 1718 2504 data
1755 2467 1816 2503 est

567 2672 597 2694 4>
626 2661 663 2688 B:
691 2660 861 2696 diffinitum
879 2659 984 2697 fuerit
1011 2662 1101 2688 modo
1124 2664 1241 2696 preter.
1323 2668 1349 2695 7.
1373 2659 1489 2687 codem
1519 2667 1611 2694 super
1636 2666 1670 2686 10
1696 2658 1814 2685 onze-lie.

501 2715 544 2734 12.
569 2707 604 2733 B:
627 2708 786 2742 apostolus
806 2707 902 2735 deest.
978 2716 1020 2742 19.
1044 2707 1082 2735 B:
1105 2708 1159 2743 qui
1172 2706 1344 2742 fundatur.
1419 2714 1466 2739 24.
1490 2706 1527 2733 B:
1553 2705 1700 2740 populum
1720 2705 1814 2732 deest.

501 2751 548 2780 28.
570 2753 598 2779 Α
618 2753 647 2779 in
671 2761 773 2787 marg:
796 2761 829 2788 3.

567 2844 598 2876 7.
628 2837 808 2877 Augustini
838 2836 958 2870 Enarr.
986 2837 1017 2867 in
1046 2836 1175 2869 Psalm.
1204 2836 1318 2873 CVIII,
1345 2842 1430 2866 tom.
1458 2834 1513 2874 IV,
1549 2835 1642 2874 ¹²15ae
1668 2841 1754 2867 tom.
1773 2835 1813 2873 V,

500 2904 576 2934 702,
605 2895 681 2935 706.
780 2904 831 2927 20.
861 2894 911 2927 Cf.
940 2895 1056 2926 Hussii
1085 2895 1177 2935 Opp.
1207 2897 1297 2925 210³.
