2078 3338
204 291 291 319 CAP.
314 280 381 337 m]
601 293 659 324 DE
686 293 967 325 POTEsTATE
995 294 1129 326 PAPE.

201 399 301 438 vino
317 398 502 450 deditos,
526 410 614 438 non
636 401 768 449 turpe
789 399 971 448 lucrum
987 401 1212 439 sectantes.
1235 397 1297 450 Si,
1319 398 1522 450 inquam,

202 466 323 507 inter
346 466 557 506 ordinem
581 465 901 519 episcopalem
926 472 974 507 et
996 467 1207 508 ordinem
1232 468 1523 520 dyaconatus

203 536 328 576 foret
360 536 477 576 ordo
509 536 704 589 medius,
736 536 826 577 iste
858 549 1056 589 magnus
1090 538 1258 577 doctor
1288 537 1522 590 gencium,

204 605 284 659 qui
315 606 552 659 complete
587 611 634 646 et
663 606 919 647 inmediate
953 606 1249 662 evangelium
1284 620 1419 647 suum
1452 606 1522 646 di-

171 675 316 716 5dicit
372 689 396 716 a
451 675 656 716 Domino
708 676 851 716 Ihesu
899 676 1099 726 Christo,
1151 682 1202 717 ut
1248 682 1381 729 patet
1426 675 1524 718 Gal.

202 744 368 798 primo,
403 744 759 785 distinccionem
793 751 840 785 et
870 746 1059 799 regulas
1086 745 1209 786 illius
1233 745 1407 785 ordinis
1426 758 1524 785 non

201 814 593 867 pretermisisset;
634 828 743 867 ymo
782 827 1014 867 nusquam
1050 815 1097 855 in
1138 814 1340 868 epistola
1373 815 1523 867 aliqua

201 883 337 936 ponit
381 883 739 924 distinccionem
782 884 965 925 illorum
1004 884 1231 936 ordinum,
1277 885 1363 924 sed
1408 898 1522 924 con-

202 953 348 993 cludit
389 954 700 1007 presbiteros,
747 954 1024 994 sacerdotes
1065 959 1112 993 et
1145 954 1400 1007 episcopos
1434 955 1522 994 sub

149 1039 187 1061 10
200 1022 388 1063 nomine
441 1023 655 1076 apostoli,
708 1036 848 1076 quem
896 1025 1095 1076 gradum
1148 1023 1350 1063 ecclesie
1400 1023 1525 1063 inter

200 1088 372 1133 hovem
416 1093 628 1134 nominat
670 1093 868 1146 primum
913 1099 1147 1147 tamquam
1186 1093 1522 1146 dignissimum,

201 1168 252 1203 ut
287 1168 422 1216 patet
459 1163 494 1204 I.
529 1162 631 1203 Cor.
663 1163 775 1204 XII.
826 1163 888 1204 Et
923 1163 1047 1203 idem
1087 1163 1199 1203 dicit
1229 1163 1406 1216 EpheS.
1440 1163 1523 1204 IV.

199 1231 338 1272 Unde
384 1238 432 1273 et
473 1232 587 1272 illud
629 1238 865 1273 testantur
897 1232 971 1273 alii
1004 1233 1156 1273 sancti
1189 1232 1428 1285 doctores,
1473 1237 1525 1272 ut

199 1306 333 1354 patet
352 1301 399 1341 in
423 1302 639 1352 decretis,
674 1301 986 1342 distinccione
1009 1302 1174 1343 XCIII
1196 1302 1413 1355 Legimus
1435 1303 1522 1342 sub

147 1371 479 1412 15auctoritate
516 1371 751 1424 Jeronimi,
797 1371 879 1412 ubi
923 1373 1185 1426 allegantur
1229 1372 1351 1412 dicta
1394 1371 1522 1412 testi-

200 1441 351 1481 monia
380 1441 605 1494 Apostoli
649 1443 708 1481 ad
751 1442 875 1482 hunc
921 1455 1123 1483 sensum.
1184 1442 1246 1482 Et
1279 1441 1524 1482 adducitur

201 1511 380 1564 duplex
413 1512 535 1552 aliud
568 1511 900 1563 testimonium,
931 1512 1131 1565 primum
1161 1511 1275 1551 illud
1297 1510 1524 1565 Apostoli

199 1580 314 1622 Phil.
353 1580 523 1634 primo:
562 1581 739 1622 Paulus
776 1585 814 1621 et
852 1581 1154 1634 leymotlzeus,
1191 1594 1350 1622 servus
1385 1581 1521 1622 leesu

204 1649 384 1703 Christi,
430 1652 638 1692 omnibns
680 1652 851 1692 sanctis
893 1653 970 1703 qui
1012 1655 1117 1692 sunt
1150 1651 1376 1703 Philippis
1419 1664 1521 1691 cum

145 1737 185 1758 20
200 1721 420 1773 episcopis
451 1724 490 1761 et
521 1722 806 1772 dyaconibus.
845 1720 1116 1762 Secundum
1150 1721 1417 1774 exemplum
1451 1726 1524 1761 est

201 1790 378 1831 dictum
409 1790 541 1831 Petri
572 1791 603 1830 I.
640 1792 741 1832 Pet.
764 1791 820 1844 V,
860 1805 891 1843 1,
928 1805 970 1831 2:
1022 1790 1232 1831 Seuiores
1263 1792 1416 1843 igitur,
1448 1791 1525 1843 qui

199 1861 246 1901 in
291 1861 413 1901 vobis
454 1864 558 1901 sunt
588 1862 780 1914 obsecro,
825 1862 1063 1901 consenior
1107 1865 1144 1901 et
1187 1861 1310 1901 testis
1356 1860 1524 1903 Christi

194 1931 480 1982 passionum,
517 1932 693 1983 pascite
737 1932 814 1983 qni
857 1932 904 1971 in
948 1932 1070 1971 vobis
1114 1934 1176 1971 est
1202 1939 1390 1983 gregem
1424 1930 1521 1971 Dei.

200 1999 295 2039 Per
333 1999 548 2040 seniores
586 2000 809 2053 intelligit
839 2000 929 2040 iste
968 2006 1157 2041 sanctus
1191 2013 1295 2040 cum
1328 2001 1521 2041 decreto

145 2075 184 2107 25
201 2069 511 2122 presbiteros,
563 2070 734 2123 quibus
783 2070 1080 2110 interdicitur
1131 2070 1409 2110 dominatus.
1462 2070 1524 2110 Et

202 2138 510 2179 distinccione
533 2139 673 2180 XCV
701 2138 832 2192 Olym
865 2142 952 2181 sub
977 2139 1257 2180 auctoritate
1279 2139 1524 2193 Jeronymi

202 2208 269 2248 sic
300 2208 523 2249 recitatur
555 2209 851 2262 expressius:
891 2210 1023 2262 Olym
1054 2212 1174 2250 idem
1193 2211 1417 2263 presbiter
1446 2211 1523 2261 qui

202 2282 240 2319 et
262 2279 505 2332 episcopus,
538 2282 577 2319 et
594 2283 839 2332 antequam
862 2280 1075 2321 instinclu
1096 2280 1278 2332 dyaboli
1298 2281 1451 2321 studia
1474 2280 1521 2320 in

201 2348 419 2401 religione
438 2349 609 2400 fierent
640 2352 678 2389 et
709 2351 936 2390 diceretur
965 2351 1013 2390 in
1045 2351 1253 2403 populis:
1283 2349 1378 2402 Ego
1416 2362 1520 2390 suin

146 2425 186 2456 30
200 2417 350 2469 Pauli,
383 2426 462 2471 ego
493 2431 597 2459 suin
630 2419 805 2471 Apollo,
845 2428 922 2472 ego
957 2432 1060 2461 sum
1097 2419 1252 2472 Cephe,
1289 2420 1523 2460 communi

200 2488 385 2528 consilio
405 2489 762 2540 presbiterorum
787 2490 962 2530 ecclesie
978 2490 1366 2542 gubernabantur.
1383 2487 1520 2541 Sicut,

200 2557 365 2611 inquit,
391 2558 635 2611 presbiteri
664 2559 813 2599 sciunt
841 2572 888 2600 se
921 2572 1014 2600 esse
1045 2572 1095 2600 ex
1126 2559 1302 2600 ecclesie
1332 2571 1519 2599 consue—

83 2631 164 2677 κη’)
201 2628 355 2667 tudine
382 2627 388 2679 Ι
416 2628 467 2678 ei,
499 2629 577 2679 qui
596 2628 681 2668 sibi
697 2629 960 2681 prepositus
978 2628 1143 2682 fuerit,
1176 2641 1269 2669 esse
1289 2628 1520 2681 subiectos,

202 2697 267 2736 ita
299 2697 496 2750 episcopi
526 2698 731 2738 noverint
763 2711 809 2738 se
840 2699 993 2751 magis
1030 2699 1350 2739 consuetudine
1380 2710 1519 2750 qnam

278 2869 328 2899 ¹4·
356 2859 456 2890 Decr.
474 2859 590 2891 Prima
609 2869 697 2901 pars,
725 2859 810 2894 Dist.
829 2855 946 2899 XCIII,
974 2869 1047 2901 cap.
1067 2859 1186 2891 XXIV.
1286 2857 1336 2892 18.
1363 2858 1426 2893 Pil.
1445 2858 1469 2902 J,
1493 2869 1519 2894 1.

206 2927 258 2959 27.
287 2917 370 2959 Cap.
397 2918 438 2949 V.

1597 2147 1747 2175 Jerome's

1595 2183 1760 2218 authority.
