<?xml version="1.0" encoding="UTF-8"?>
<!DOCTYPE html PUBLIC "-//W3C//DTD XHTML 1.0 Transitional//EN"
    "http://www.w3.org/TR/xhtml1/DTD/xhtml1-transitional.dtd">
<html xmlns="http://www.w3.org/1999/xhtml" xml:lang="en" lang="en">
 <head>
  <title>
</title>
<meta http-equiv="Content-Type" content="text/html;charset=utf-8" />
  <meta name='ocr-system' content='tesseract 3.04.00' />
  <meta name='ocr-capabilities' content='ocr_page ocr_carea ocr_par ocr_line ocrx_word'/>
</head>
<body>
  <div class='ocr_page' id='page_1' title='image "./tractatusdepotes00wycl_0215.png"; bbox 0 0 2078 3338; ppageno 0'>
   <div class='ocr_carea' id='block_1_1' title="bbox 229 266 1156 324">
    <p class='ocr_par' dir='ltr' id='par_1_1' title="bbox 229 266 1156 324">
     <span class='ocr_line' id='line_1_1' title="bbox 229 266 1156 324; baseline 0.009 -20"><span class='ocrx_word' id='word_1_1' title='bbox 229 275 326 306; x_wconf 74' lang='lat' dir='ltr'>CAP.</span> <span class='ocrx_word' id='word_1_2' title='bbox 349 266 435 324; x_wconf 72' lang='lat' dir='ltr'>vu]</span> <span class='ocrx_word' id='word_1_3' title='bbox 632 279 690 311; x_wconf 87' lang='lat' dir='ltr'>DE</span> <span class='ocrx_word' id='word_1_4' title='bbox 718 279 1000 311; x_wconf 78' lang='lat' dir='ltr'>PoTEsTATE</span> <span class='ocrx_word' id='word_1_5' title='bbox 1027 279 1156 313; x_wconf 79' lang='lat' dir='ltr'><strong>PAPE.</strong></span> 
     </span>
    </p>
   </div>
   <div class='ocr_carea' id='block_1_2' title="bbox 171 382 1553 2740">
    <p class='ocr_par' dir='ltr' id='par_1_2' title="bbox 171 382 1553 2740">
     <span class='ocr_line' id='line_1_2' title="bbox 226 382 1548 436; baseline 0.001 -12"><span class='ocrx_word' id='word_1_6' title='bbox 226 397 389 425; x_wconf 86' lang='lat' dir='ltr'>vorem</span> <span class='ocrx_word' id='word_1_7' title='bbox 411 383 571 423; x_wconf 86' lang='lat' dir='ltr'>mundi</span> <span class='ocrx_word' id='word_1_8' title='bbox 590 382 936 423; x_wconf 86' lang='lat' dir='ltr'>lucrificacione</span> <span class='ocrx_word' id='word_1_9' title='bbox 953 382 1125 423; x_wconf 83' lang='lat' dir='ltr'>Christi</span> <span class='ocrx_word' id='word_1_10' title='bbox 1145 383 1429 436; x_wconf 88' lang='lat' dir='ltr'>postposita.</span> <span class='ocrx_word' id='word_1_11' title='bbox 1451 384 1548 425; x_wconf 86' lang='lat' dir='ltr'>Re-</span> 
     </span>
     <span class='ocr_line' id='line_1_3' title="bbox 228 451 1547 506; baseline 0 -12"><span class='ocrx_word' id='word_1_12' title='bbox 228 454 332 494; x_wconf 82' lang='lat' dir='ltr'>cole</span> <span class='ocrx_word' id='word_1_13' title='bbox 365 452 604 506; x_wconf 90' lang='lat' dir='ltr'>quomodo</span> <span class='ocrx_word' id='word_1_14' title='bbox 631 452 776 492; x_wconf 89' lang='lat' dir='ltr'>Petro</span> <span class='ocrx_word' id='word_1_15' title='bbox 811 453 1007 492; x_wconf 82' lang='lat' dir='ltr'>dabatur</span> <span class='ocrx_word' id='word_1_16' title='bbox 1037 451 1199 492; x_wconf 84' lang='lat' dir='ltr'>titulus</span> <span class='ocrx_word' id='word_1_17' title='bbox 1230 453 1547 500; x_wconf 83' lang='lat' dir='ltr'>beatitudinis,</span> 
     </span>
     <span class='ocr_line' id='line_1_4' title="bbox 227 522 1548 576; baseline 0 -13"><span class='ocrx_word' id='word_1_18' title='bbox 227 523 336 576; x_wconf 87' lang='lat' dir='ltr'>quia</span> <span class='ocrx_word' id='word_1_19' title='bbox 357 535 465 564; x_wconf 76' lang='lat' dir='ltr'><em>caro</em></span> <span class='ocrx_word' id='word_1_20' title='bbox 489 526 528 563; x_wconf 83' lang='lat' dir='ltr'>et</span> <span class='ocrx_word' id='word_1_21' title='bbox 556 522 749 575; x_wconf 77' lang='lat' dir='ltr'>sangnis</span> <span class='ocrx_word' id='word_1_22' title='bbox 769 535 859 562; x_wconf 90' lang='lat' dir='ltr'>non</span> <span class='ocrx_word' id='word_1_23' title='bbox 890 523 1105 563; x_wconf 77' lang='lat' dir='ltr'><em>revelavit</em></span> <span class='ocrx_word' id='word_1_24' title='bbox 1135 523 1232 572; x_wconf 83' lang='lat' dir='ltr'>sibi,</span> <span class='ocrx_word' id='word_1_25' title='bbox 1263 528 1311 563; x_wconf 88' lang='lat' dir='ltr'>et</span> <span class='ocrx_word' id='word_1_26' title='bbox 1331 536 1418 576; x_wconf 89' lang='lat' dir='ltr'>per</span> <span class='ocrx_word' id='word_1_27' title='bbox 1441 536 1548 564; x_wconf 90' lang='lat' dir='ltr'>con-</span> 
     </span>
     <span class='ocr_line' id='line_1_5' title="bbox 228 591 1549 651; baseline -0.001 -18"><span class='ocrx_word' id='word_1_28' title='bbox 228 606 434 646; x_wconf 88' lang='lat' dir='ltr'>sequens</span> <span class='ocrx_word' id='word_1_29' title='bbox 458 605 520 632; x_wconf 82' lang='lat' dir='ltr'>ex</span> <span class='ocrx_word' id='word_1_30' title='bbox 547 605 670 645; x_wconf 88' lang='lat' dir='ltr'>equo</span> <span class='ocrx_word' id='word_1_31' title='bbox 705 591 932 645; x_wconf 88' lang='lat' dir='ltr'>opposito</span> <span class='ocrx_word' id='word_1_32' title='bbox 957 591 1155 645; x_wconf 81' lang='lat' dir='ltr'>acquirit</span> <span class='ocrx_word' id='word_1_33' title='bbox 1176 591 1361 633; x_wconf 86' lang='lat' dir='ltr'>titulum</span> <span class='ocrx_word' id='word_1_34' title='bbox 1393 593 1549 651; x_wconf 89' lang='lat' dir='ltr'>damp-</span> 
     </span>
     <span class='ocr_line' id='line_1_6' title="bbox 195 661 1550 715; baseline 0.002 -16"><span class='ocrx_word' id='word_1_35' title='bbox 195 661 437 703; x_wconf 71' lang='lat' dir='ltr'>§nacionis</span> <span class='ocrx_word' id='word_1_36' title='bbox 476 661 556 715; x_wconf 90' lang='lat' dir='ltr'>qui</span> <span class='ocrx_word' id='word_1_37' title='bbox 592 666 793 714; x_wconf 86' lang='lat' dir='ltr'>propter</span> <span class='ocrx_word' id='word_1_38' title='bbox 831 674 1017 701; x_wconf 85' lang='lat' dir='ltr'>carnem</span> <span class='ocrx_word' id='word_1_39' title='bbox 1052 662 1131 701; x_wconf 84' lang='lat' dir='ltr'>vel</span> <span class='ocrx_word' id='word_1_40' title='bbox 1168 661 1445 715; x_wconf 85' lang='lat' dir='ltr'>sanguinem</span> <span class='ocrx_word' id='word_1_41' title='bbox 1483 662 1550 702; x_wconf 91' lang='lat' dir='ltr'>sic</span> 
     </span>
     <span class='ocr_line' id='line_1_7' title="bbox 227 730 1551 785; baseline 0 -13"><span class='ocrx_word' id='word_1_42' title='bbox 227 731 399 785; x_wconf 87' lang='lat' dir='ltr'>accipit</span> <span class='ocrx_word' id='word_1_43' title='bbox 440 731 519 771; x_wconf 85' lang='lat' dir='ltr'>vel</span> <span class='ocrx_word' id='word_1_44' title='bbox 557 730 796 771; x_wconf 81' lang='lat' dir='ltr'>distribuit</span> <span class='ocrx_word' id='word_1_45' title='bbox 831 732 957 770; x_wconf 92' lang='lat' dir='ltr'>bona</span> <span class='ocrx_word' id='word_1_46' title='bbox 987 730 1094 772; x_wconf 91' lang='lat' dir='ltr'>Dei.</span> <span class='ocrx_word' id='word_1_47' title='bbox 1148 730 1352 782; x_wconf 76' lang='lat' dir='ltr'>Consule,</span> <span class='ocrx_word' id='word_1_48' title='bbox 1388 730 1551 785; x_wconf 77' lang='lat' dir='ltr'>inquit,</span> 
     </span>
     <span class='ocr_line' id='line_1_8' title="bbox 225 801 1552 853; baseline -0.002 -11"><span class='ocrx_word' id='word_1_49' title='bbox 225 801 552 842; x_wconf 75' lang='lat' dir='ltr'>conscienciam</span> <span class='ocrx_word' id='word_1_50' title='bbox 574 804 717 849; x_wconf 73' lang='lat' dir='ltr'><em>inam,</em></span> <span class='ocrx_word' id='word_1_51' title='bbox 740 803 897 840; x_wconf 86' lang='lat' dir='ltr'><em>ntrnm</em></span> <span class='ocrx_word' id='word_1_52' title='bbox 912 801 1058 853; x_wconf 75' lang='lat' dir='ltr'>plura</span> <span class='ocrx_word' id='word_1_53' title='bbox 1079 801 1379 842; x_wconf 77' lang='lat' dir='ltr'>ecclesiastica</span> <span class='ocrx_word' id='word_1_54' title='bbox 1400 801 1552 853; x_wconf 75' lang='lat' dir='ltr'>queris</span> 
     </span>
     <span class='ocr_line' id='line_1_9' title="bbox 226 870 1549 923; baseline 0 -12"><span class='ocrx_word' id='word_1_55' title='bbox 226 870 452 922; x_wconf 77' lang='lat' dir='ltr'><em>beneficia,</em></span> <span class='ocrx_word' id='word_1_56' title='bbox 473 874 522 911; x_wconf 83' lang='lat' dir='ltr'>nt</span> <span class='ocrx_word' id='word_1_57' title='bbox 542 871 714 911; x_wconf 78' lang='lat' dir='ltr'>caritas</span> <span class='ocrx_word' id='word_1_58' title='bbox 735 873 963 923; x_wconf 78' lang='lat' dir='ltr'>augeatur</span> <span class='ocrx_word' id='word_1_59' title='bbox 982 872 1031 911; x_wconf 88' lang='lat' dir='ltr'><em>in</em></span> <span class='ocrx_word' id='word_1_60' title='bbox 1060 871 1213 911; x_wconf 76' lang='lat' dir='ltr'><em>ovibus</em></span> <span class='ocrx_word' id='word_1_61' title='bbox 1237 874 1318 912; x_wconf 79' lang='lat' dir='ltr'>ant</span> <span class='ocrx_word' id='word_1_62' title='bbox 1338 874 1386 911; x_wconf 82' lang='lat' dir='ltr'>tn</span> <span class='ocrx_word' id='word_1_63' title='bbox 1407 878 1549 922; x_wconf 80' lang='lat' dir='ltr'><em>ange-</em></span> 
     </span>
     <span class='ocr_line' id='line_1_10' title="bbox 226 940 1551 993; baseline 0.001 -13"><span class='ocrx_word' id='word_1_64' title='bbox 226 941 326 981; x_wconf 80' lang='lat' dir='ltr'>aris</span> <span class='ocrx_word' id='word_1_65' title='bbox 368 953 422 981; x_wconf 86' lang='lat' dir='ltr'>ex</span> <span class='ocrx_word' id='word_1_66' title='bbox 452 941 605 981; x_wconf 86' lang='lat' dir='ltr'><em>ovinm</em></span> <span class='ocrx_word' id='word_1_67' title='bbox 637 940 860 993; x_wconf 79' lang='lat' dir='ltr'>operibns,</span> <span class='ocrx_word' id='word_1_68' title='bbox 898 944 947 980; x_wconf 81' lang='lat' dir='ltr'>nt</span> <span class='ocrx_word' id='word_1_69' title='bbox 983 943 1032 980; x_wconf 78' lang='lat' dir='ltr'>tn</span> <span class='ocrx_word' id='word_1_70' title='bbox 1065 953 1236 993; x_wconf 72' lang='lat' dir='ltr'>pascas</span> <span class='ocrx_word' id='word_1_71' title='bbox 1272 953 1374 981; x_wconf 81' lang='lat' dir='ltr'>oves</span> <span class='ocrx_word' id='word_1_72' title='bbox 1406 942 1551 989; x_wconf 81' lang='lat' dir='ltr'>verbo,</span> 
     </span>
     <span class='ocr_line' id='line_1_11' title="bbox 174 1011 1551 1065; baseline 0.004 -18"><span class='ocrx_word' id='word_1_73' title='bbox 174 1026 212 1048; x_wconf 90' lang='lat'>10</span> <span class='ocrx_word' id='word_1_74' title='bbox 227 1011 430 1063; x_wconf 81' lang='lat' dir='ltr'>exemplo</span> <span class='ocrx_word' id='word_1_75' title='bbox 458 1013 497 1051; x_wconf 79' lang='lat' dir='ltr'>et</span> <span class='ocrx_word' id='word_1_76' title='bbox 526 1011 738 1051; x_wconf 79' lang='lat' dir='ltr'><em>oracione</em></span> <span class='ocrx_word' id='word_1_77' title='bbox 769 1013 850 1051; x_wconf 77' lang='lat' dir='ltr'>ant</span> <span class='ocrx_word' id='word_1_78' title='bbox 873 1013 921 1050; x_wconf 86' lang='lat' dir='ltr'>tn</span> <span class='ocrx_word' id='word_1_79' title='bbox 936 1011 1155 1063; x_wconf 76' lang='lat' dir='ltr'>pascaris</span> <span class='ocrx_word' id='word_1_80' title='bbox 1176 1023 1231 1051; x_wconf 89' lang='lat' dir='ltr'>ex</span> <span class='ocrx_word' id='word_1_81' title='bbox 1252 1011 1406 1052; x_wconf 85' lang='lat' dir='ltr'><em>ovinm</em></span> <span class='ocrx_word' id='word_1_82' title='bbox 1428 1012 1551 1065; x_wconf 76' lang='lat' dir='ltr'><em>lacte,</em></span> 
     </span>
     <span class='ocr_line' id='line_1_12' title="bbox 226 1079 1547 1132; baseline 0.001 -12"><span class='ocrx_word' id='word_1_83' title='bbox 226 1080 326 1120; x_wconf 85' lang='lat' dir='ltr'><em>vide</em></span> <span class='ocrx_word' id='word_1_84' title='bbox 363 1083 520 1120; x_wconf 80' lang='lat' dir='ltr'><em>ntrnm</em></span> <span class='ocrx_word' id='word_1_85' title='bbox 552 1079 646 1120; x_wconf 89' lang='lat' dir='ltr'>Deo</span> <span class='ocrx_word' id='word_1_86' title='bbox 685 1080 833 1120; x_wconf 78' lang='lat' dir='ltr'>dicere</span> <span class='ocrx_word' id='word_1_87' title='bbox 868 1080 1023 1132; x_wconf 77' lang='lat' dir='ltr'>possis</span> <span class='ocrx_word' id='word_1_88' title='bbox 1065 1092 1169 1121; x_wconf 87' lang='lat' dir='ltr'>cnm</span> <span class='ocrx_word' id='word_1_89' title='bbox 1199 1080 1456 1132; x_wconf 77' lang='lat' dir='ltr'>Augustino</span> <span class='ocrx_word' id='word_1_90' title='bbox 1500 1083 1547 1122; x_wconf 85' lang='lat' dir='ltr'><em>in</em></span> 
     </span>
     <span class='ocr_line' id='line_1_13' title="bbox 226 1147 1550 1200; baseline 0.002 -11"><span class='ocrx_word' id='word_1_91' title='bbox 226 1148 294 1189; x_wconf 86' lang='lat' dir='ltr'>De</span> <span class='ocrx_word' id='word_1_92' title='bbox 324 1149 475 1189; x_wconf 80' lang='lat' dir='ltr'><em>Verbis</em></span> <span class='ocrx_word' id='word_1_93' title='bbox 496 1148 686 1189; x_wconf 77' lang='lat' dir='ltr'><em>Domini</em></span> <span class='ocrx_word' id='word_1_94' title='bbox 702 1147 918 1189; x_wconf 82' lang='lat' dir='ltr'><em>Sermone</em></span> <span class='ocrx_word' id='word_1_95' title='bbox 938 1148 1120 1189; x_wconf 88' lang='lat' dir='ltr'><em>XLIX:</em></span> <span class='ocrx_word' id='word_1_96' title='bbox 1151 1149 1360 1200; x_wconf 87' lang='lat' dir='ltr'><em>Domine,</em></span> <span class='ocrx_word' id='word_1_97' title='bbox 1392 1153 1440 1191; x_wconf 84' lang='lat' dir='ltr'>tn</span> <span class='ocrx_word' id='word_1_98' title='bbox 1461 1152 1550 1191; x_wconf 80' lang='lat' dir='ltr'>scis</span> 
     </span>
     <span class='ocr_line' id='line_1_14' title="bbox 225 1218 1550 1272; baseline 0.002 -14"><span class='ocrx_word' id='word_1_99' title='bbox 225 1219 334 1270; x_wconf 80' lang='lat' dir='ltr'><em>qnid</em></span> <span class='ocrx_word' id='word_1_100' title='bbox 365 1218 473 1269; x_wconf 78' lang='lat' dir='ltr'><em>dixi,</em></span> <span class='ocrx_word' id='word_1_101' title='bbox 503 1219 593 1259; x_wconf 80' lang='lat' dir='ltr'>scis</span> <span class='ocrx_word' id='word_1_102' title='bbox 623 1219 731 1271; x_wconf 79' lang='lat' dir='ltr'><em>qnid</em></span> <span class='ocrx_word' id='word_1_103' title='bbox 761 1230 851 1258; x_wconf 89' lang='lat' dir='ltr'>non</span> <span class='ocrx_word' id='word_1_104' title='bbox 872 1219 1009 1270; x_wconf 75' lang='lat' dir='ltr'><em>tacui,</em></span> <span class='ocrx_word' id='word_1_105' title='bbox 1042 1219 1131 1260; x_wconf 81' lang='lat' dir='ltr'>scis</span> <span class='ocrx_word' id='word_1_106' title='bbox 1151 1232 1235 1272; x_wconf 81' lang='lat' dir='ltr'>qno</span> <span class='ocrx_word' id='word_1_107' title='bbox 1259 1220 1416 1260; x_wconf 79' lang='lat' dir='ltr'><em>animo</em></span> <span class='ocrx_word' id='word_1_108' title='bbox 1438 1220 1550 1270; x_wconf 84' lang='lat' dir='ltr'><em>dixi,</em></span> 
     </span>
     <span class='ocr_line' id='line_1_15' title="bbox 225 1289 1552 1343; baseline 0.002 -15"><span class='ocrx_word' id='word_1_109' title='bbox 225 1289 316 1329; x_wconf 82' lang='lat' dir='ltr'>scis</span> <span class='ocrx_word' id='word_1_110' title='bbox 344 1289 453 1342; x_wconf 77' lang='lat' dir='ltr'><em>qnia</em></span> <span class='ocrx_word' id='word_1_111' title='bbox 475 1289 602 1339; x_wconf 82' lang='lat' dir='ltr'><em>flevi,</em></span> <span class='ocrx_word' id='word_1_112' title='bbox 634 1301 738 1329; x_wconf 84' lang='lat' dir='ltr'>cnm</span> <span class='ocrx_word' id='word_1_113' title='bbox 770 1289 969 1329; x_wconf 86' lang='lat' dir='ltr'><em>dicerem</em></span> <span class='ocrx_word' id='word_1_114' title='bbox 1001 1292 1040 1329; x_wconf 81' lang='lat' dir='ltr'>et</span> <span class='ocrx_word' id='word_1_115' title='bbox 1069 1301 1160 1329; x_wconf 93' lang='lat' dir='ltr'>non</span> <span class='ocrx_word' id='word_1_116' title='bbox 1192 1290 1406 1339; x_wconf 56' lang='lat' dir='ltr'><em>audirem·</em></span> <span class='ocrx_word' id='word_1_117' title='bbox 1449 1291 1552 1343; x_wconf 79' lang='lat' dir='ltr'>ipsa</span> 
     </span>
     <span class='ocr_line' id='line_1_16' title="bbox 174 1358 1550 1411; baseline 0.002 -14"><span class='ocrx_word' id='word_1_118' title='bbox 174 1361 331 1410; x_wconf 81' lang='lat' dir='ltr'>15pnt0</span> <span class='ocrx_word' id='word_1_119' title='bbox 354 1359 535 1411; x_wconf 78' lang='lat' dir='ltr'><em>integra</em></span> <span class='ocrx_word' id='word_1_120' title='bbox 554 1359 682 1399; x_wconf 82' lang='lat' dir='ltr'><em>racio</em></span> <span class='ocrx_word' id='word_1_121' title='bbox 715 1362 778 1399; x_wconf 82' lang='lat' dir='ltr'>est</span> <span class='ocrx_word' id='word_1_122' title='bbox 809 1362 981 1399; x_wconf 79' lang='lat' dir='ltr'>nostra.</span> <span class='ocrx_word' id='word_1_123' title='bbox 1015 1358 1070 1399; x_wconf 85' lang='lat' dir='ltr'>In</span> <span class='ocrx_word' id='word_1_124' title='bbox 1100 1359 1192 1400; x_wconf 87' lang='lat' dir='ltr'>ista</span> <span class='ocrx_word' id='word_1_125' title='bbox 1220 1359 1414 1400; x_wconf 86' lang='lat' dir='ltr'>materia</span> <span class='ocrx_word' id='word_1_126' title='bbox 1445 1372 1550 1400; x_wconf 86' lang='lat' dir='ltr'>con-</span> 
     </span>
     <span class='ocr_line' id='line_1_17' title="bbox 227 1427 1550 1482; baseline 0.002 -14"><span class='ocrx_word' id='word_1_127' title='bbox 227 1427 419 1468; x_wconf 83' lang='lat' dir='ltr'>vincere</span> <span class='ocrx_word' id='word_1_128' title='bbox 450 1434 615 1481; x_wconf 86' lang='lat' dir='ltr'>potest</span> <span class='ocrx_word' id='word_1_129' title='bbox 641 1428 749 1482; x_wconf 89' lang='lat' dir='ltr'>pius</span> <span class='ocrx_word' id='word_1_130' title='bbox 772 1429 1045 1482; x_wconf 85' lang='lat' dir='ltr'>theologus,</span> <span class='ocrx_word' id='word_1_131' title='bbox 1079 1430 1330 1470; x_wconf 84' lang='lat' dir='ltr'>attendens</span> <span class='ocrx_word' id='word_1_132' title='bbox 1363 1430 1421 1470; x_wconf 90' lang='lat' dir='ltr'>ad</span> <span class='ocrx_word' id='word_1_133' title='bbox 1445 1443 1550 1470; x_wconf 90' lang='lat' dir='ltr'>con-</span> 
     </span>
     <span class='ocr_line' id='line_1_18' title="bbox 226 1498 1549 1553; baseline 0.002 -15"><span class='ocrx_word' id='word_1_134' title='bbox 226 1498 554 1539; x_wconf 86' lang='lat' dir='ltr'>versacionem</span> <span class='ocrx_word' id='word_1_135' title='bbox 604 1498 881 1552; x_wconf 87' lang='lat' dir='ltr'>pontificum</span> <span class='ocrx_word' id='word_1_136' title='bbox 933 1499 1199 1553; x_wconf 78' lang='lat' dir='ltr'>ydolorum,</span> <span class='ocrx_word' id='word_1_137' title='bbox 1253 1500 1384 1553; x_wconf 90' lang='lat' dir='ltr'>quod</span> <span class='ocrx_word' id='word_1_138' title='bbox 1434 1513 1549 1553; x_wconf 88' lang='lat' dir='ltr'>pec-</span> 
     </span>
     <span class='ocr_line' id='line_1_19' title="bbox 229 1566 1552 1622; baseline 0.002 -14"><span class='ocrx_word' id='word_1_139' title='bbox 229 1572 382 1608; x_wconf 83' lang='lat' dir='ltr'>catum</span> <span class='ocrx_word' id='word_1_140' title='bbox 426 1566 650 1621; x_wconf 86' lang='lat' dir='ltr'>Symonis</span> <span class='ocrx_word' id='word_1_141' title='bbox 696 1574 770 1609; x_wconf 87' lang='lat' dir='ltr'>est</span> <span class='ocrx_word' id='word_1_142' title='bbox 810 1573 905 1608; x_wconf 88' lang='lat' dir='ltr'>tam</span> <span class='ocrx_word' id='word_1_143' title='bbox 948 1569 1141 1622; x_wconf 86' lang='lat' dir='ltr'>publice</span> <span class='ocrx_word' id='word_1_144' title='bbox 1177 1568 1455 1615; x_wconf 88' lang='lat' dir='ltr'>induratum,</span> <span class='ocrx_word' id='word_1_145' title='bbox 1500 1575 1552 1610; x_wconf 92' lang='lat' dir='ltr'>ut</span> 
     </span>
     <span class='ocr_line' id='line_1_20' title="bbox 226 1637 1551 1693; baseline 0.002 -16"><span class='ocrx_word' id='word_1_146' title='bbox 226 1637 317 1678; x_wconf 90' lang='lat' dir='ltr'>nisi</span> <span class='ocrx_word' id='word_1_147' title='bbox 347 1642 511 1691; x_wconf 80' lang='lat' dir='ltr'>pastor</span> <span class='ocrx_word' id='word_1_148' title='bbox 543 1650 749 1678; x_wconf 89' lang='lat' dir='ltr'>summus</span> <span class='ocrx_word' id='word_1_149' title='bbox 781 1639 931 1678; x_wconf 85' lang='lat' dir='ltr'>trahat</span> <span class='ocrx_word' id='word_1_150' title='bbox 964 1638 1140 1679; x_wconf 88' lang='lat' dir='ltr'>clerum</span> <span class='ocrx_word' id='word_1_151' title='bbox 1177 1639 1236 1679; x_wconf 90' lang='lat' dir='ltr'>ad</span> <span class='ocrx_word' id='word_1_152' title='bbox 1267 1639 1410 1680; x_wconf 89' lang='lat' dir='ltr'>vitam</span> <span class='ocrx_word' id='word_1_153' title='bbox 1441 1653 1551 1693; x_wconf 85' lang='lat' dir='ltr'>pau·</span> 
     </span>
     <span class='ocr_line' id='line_1_21' title="bbox 171 1708 1551 1761; baseline 0.003 -16"><span class='ocrx_word' id='word_1_154' title='bbox 171 1724 213 1745; x_wconf 88' lang='lat'>20</span> <span class='ocrx_word' id='word_1_155' title='bbox 227 1720 392 1761; x_wconf 91' lang='lat' dir='ltr'>perem</span> <span class='ocrx_word' id='word_1_156' title='bbox 433 1720 523 1761; x_wconf 89' lang='lat' dir='ltr'>per</span> <span class='ocrx_word' id='word_1_157' title='bbox 566 1708 946 1749; x_wconf 87' lang='lat' dir='ltr'>subtraccionem</span> <span class='ocrx_word' id='word_1_158' title='bbox 979 1708 1338 1749; x_wconf 85' lang='lat' dir='ltr'>elemosinarum</span> <span class='ocrx_word' id='word_1_159' title='bbox 1373 1710 1551 1749; x_wconf 85' lang='lat' dir='ltr'>secula-</span> 
     </span>
     <span class='ocr_line' id='line_1_22' title="bbox 227 1776 1550 1833; baseline 0.002 -16"><span class='ocrx_word' id='word_1_160' title='bbox 227 1776 359 1830; x_wconf 85' lang='lat' dir='ltr'>rium,</span> <span class='ocrx_word' id='word_1_161' title='bbox 403 1783 497 1817; x_wconf 90' lang='lat' dir='ltr'>tam</span> <span class='ocrx_word' id='word_1_162' title='bbox 528 1790 650 1830; x_wconf 81' lang='lat' dir='ltr'>grex</span> <span class='ocrx_word' id='word_1_163' title='bbox 683 1791 821 1831; x_wconf 88' lang='lat' dir='ltr'>quam</span> <span class='ocrx_word' id='word_1_164' title='bbox 852 1785 1071 1831; x_wconf 91' lang='lat' dir='ltr'>pastores</span> <span class='ocrx_word' id='word_1_165' title='bbox 1103 1779 1280 1819; x_wconf 77' lang='lat' dir='ltr'>vadent</span> <span class='ocrx_word' id='word_1_166' title='bbox 1310 1779 1357 1819; x_wconf 87' lang='lat' dir='ltr'>in</span> <span class='ocrx_word' id='word_1_167' title='bbox 1400 1779 1550 1833; x_wconf 87' lang='lat' dir='ltr'>preci-</span> 
     </span>
     <span class='ocr_line' id='line_1_23' title="bbox 227 1846 1551 1900; baseline 0.002 -14"><span class='ocrx_word' id='word_1_168' title='bbox 227 1846 416 1900; x_wconf 90' lang='lat' dir='ltr'>picium.</span> <span class='ocrx_word' id='word_1_169' title='bbox 470 1846 650 1900; x_wconf 87' lang='lat' dir='ltr'>Stupor</span> <span class='ocrx_word' id='word_1_170' title='bbox 688 1848 810 1888; x_wconf 91' lang='lat' dir='ltr'>enim</span> <span class='ocrx_word' id='word_1_171' title='bbox 847 1848 984 1889; x_wconf 89' lang='lat' dir='ltr'>huius</span> <span class='ocrx_word' id='word_1_172' title='bbox 1015 1848 1190 1889; x_wconf 89' lang='lat' dir='ltr'>veneni</span> <span class='ocrx_word' id='word_1_173' title='bbox 1226 1848 1457 1889; x_wconf 82' lang='lat' dir='ltr'>mortiferi</span> <span class='ocrx_word' id='word_1_174' title='bbox 1489 1862 1551 1889; x_wconf 81' lang='lat' dir='ltr'>ex</span> 
     </span>
     <span class='ocr_line' id='line_1_24' title="bbox 229 1915 1550 1972; baseline 0.002 -16"><span class='ocrx_word' id='word_1_175' title='bbox 229 1915 407 1957; x_wconf 89' lang='lat' dir='ltr'>diutina</span> <span class='ocrx_word' id='word_1_176' title='bbox 451 1917 795 1958; x_wconf 83' lang='lat' dir='ltr'>consuetudine</span> <span class='ocrx_word' id='word_1_177' title='bbox 839 1919 898 1958; x_wconf 86' lang='lat' dir='ltr'>ad</span> <span class='ocrx_word' id='word_1_178' title='bbox 939 1923 1120 1959; x_wconf 88' lang='lat' dir='ltr'>tantum</span> <span class='ocrx_word' id='word_1_179' title='bbox 1162 1918 1372 1970; x_wconf 81' lang='lat' dir='ltr'>invaluit,</span> <span class='ocrx_word' id='word_1_180' title='bbox 1425 1919 1550 1972; x_wconf 91' lang='lat' dir='ltr'>quod</span> 
     </span>
     <span class='ocr_line' id='line_1_25' title="bbox 227 1987 1551 2040; baseline 0.002 -14"><span class='ocrx_word' id='word_1_181' title='bbox 227 1987 376 2027; x_wconf 84' lang='lat' dir='ltr'>verba</span> <span class='ocrx_word' id='word_1_182' title='bbox 407 1987 752 2040; x_wconf 87' lang='lat' dir='ltr'>quantumlibet</span> <span class='ocrx_word' id='word_1_183' title='bbox 784 1993 922 2028; x_wconf 87' lang='lat' dir='ltr'>acuta</span> <span class='ocrx_word' id='word_1_184' title='bbox 955 1993 1002 2029; x_wconf 93' lang='lat' dir='ltr'>et</span> <span class='ocrx_word' id='word_1_185' title='bbox 1025 2001 1086 2028; x_wconf 80' lang='lat' dir='ltr'>ex</span> <span class='ocrx_word' id='word_1_186' title='bbox 1107 1988 1198 2029; x_wconf 89' lang='lat' dir='ltr'>fide</span> <span class='ocrx_word' id='word_1_187' title='bbox 1223 1988 1551 2029; x_wconf 85' lang='lat' dir='ltr'>desiderabilia</span> 
     </span>
     <span class='ocr_line' id='line_1_26' title="bbox 171 2058 1551 2112; baseline 0.004 -16"><span class='ocrx_word' id='word_1_188' title='bbox 171 2063 211 2096; x_wconf 84' lang='lat'>25</span> <span class='ocrx_word' id='word_1_189' title='bbox 227 2069 323 2096; x_wconf 92' lang='lat' dir='ltr'>non</span> <span class='ocrx_word' id='word_1_190' title='bbox 365 2062 562 2097; x_wconf 90' lang='lat' dir='ltr'>movent</span> <span class='ocrx_word' id='word_1_191' title='bbox 611 2058 786 2098; x_wconf 89' lang='lat' dir='ltr'>clerum</span> <span class='ocrx_word' id='word_1_192' title='bbox 828 2058 1216 2111; x_wconf 81' lang='lat' dir='ltr'>possessionibus</span> <span class='ocrx_word' id='word_1_193' title='bbox 1264 2064 1551 2112; x_wconf 88' lang='lat' dir='ltr'>soporatum.</span> 
     </span>
     <span class='ocr_line' id='line_1_27' title="bbox 227 2126 1551 2170; baseline 0.002 -4"><span class='ocrx_word' id='word_1_194' title='bbox 227 2126 343 2167; x_wconf 92' lang='lat' dir='ltr'>Ideo</span> <span class='ocrx_word' id='word_1_195' title='bbox 382 2140 478 2167; x_wconf 91' lang='lat' dir='ltr'>non</span> <span class='ocrx_word' id='word_1_196' title='bbox 513 2132 662 2168; x_wconf 90' lang='lat' dir='ltr'>restat</span> <span class='ocrx_word' id='word_1_197' title='bbox 698 2127 789 2168; x_wconf 88' lang='lat' dir='ltr'>nisi</span> <span class='ocrx_word' id='word_1_198' title='bbox 826 2129 1065 2169; x_wconf 88' lang='lat' dir='ltr'>denudare</span> <span class='ocrx_word' id='word_1_199' title='bbox 1103 2134 1382 2170; x_wconf 86' lang='lat' dir='ltr'>stertentem</span> <span class='ocrx_word' id='word_1_200' title='bbox 1424 2128 1551 2169; x_wconf 81' lang='lat' dir='ltr'>litar-</span> 
     </span>
     <span class='ocr_line' id='line_1_28' title="bbox 227 2196 1552 2252; baseline 0.002 -16"><span class='ocrx_word' id='word_1_201' title='bbox 227 2196 399 2250; x_wconf 68' lang='lat' dir='ltr'>gicum7</span> <span class='ocrx_word' id='word_1_202' title='bbox 451 2197 771 2238; x_wconf 88' lang='lat' dir='ltr'>subtrahendo</span> <span class='ocrx_word' id='word_1_203' title='bbox 823 2199 1139 2239; x_wconf 85' lang='lat' dir='ltr'>velamentum</span> <span class='ocrx_word' id='word_1_204' title='bbox 1194 2198 1552 2252; x_wconf 74' lang='lat' dir='ltr'>sompniferum3</span> 
     </span>
     <span class='ocr_line' id='line_1_29' title="bbox 228 2265 1551 2322; baseline 0.002 -17"><span class='ocrx_word' id='word_1_205' title='bbox 228 2265 337 2306; x_wconf 91' lang='lat' dir='ltr'>olim</span> <span class='ocrx_word' id='word_1_206' title='bbox 375 2266 497 2307; x_wconf 90' lang='lat' dir='ltr'>enim</span> <span class='ocrx_word' id='word_1_207' title='bbox 528 2266 820 2308; x_wconf 83' lang='lat' dir='ltr'>verificatum</span> <span class='ocrx_word' id='word_1_208' title='bbox 852 2273 927 2308; x_wconf 88' lang='lat' dir='ltr'>est</span> <span class='ocrx_word' id='word_1_209' title='bbox 961 2268 1074 2308; x_wconf 90' lang='lat' dir='ltr'>illud</span> <span class='ocrx_word' id='word_1_210' title='bbox 1106 2268 1333 2322; x_wconf 86' lang='lat' dir='ltr'>Apostoli</span> <span class='ocrx_word' id='word_1_211' title='bbox 1372 2268 1551 2309; x_wconf 83' lang='lat' dir='ltr'>Hebre.</span> 
     </span>
     <span class='ocr_line' id='line_1_30' title="bbox 227 2334 1553 2390; baseline 0.002 -14"><span class='ocrx_word' id='word_1_212' title='bbox 227 2334 286 2387; x_wconf 85' lang='lat' dir='ltr'>V,</span> <span class='ocrx_word' id='word_1_213' title='bbox 319 2349 365 2386; x_wconf 84' lang='lat'>4:</span> <span class='ocrx_word' id='word_1_214' title='bbox 402 2335 546 2377; x_wconf 89' lang='lat' dir='ltr'>Nemo</span> <span class='ocrx_word' id='word_1_215' title='bbox 583 2338 670 2377; x_wconf 80' lang='lat' dir='ltr'><em>sibi</em></span> <span class='ocrx_word' id='word_1_216' title='bbox 705 2338 847 2378; x_wconf 78' lang='lat' dir='ltr'><em>Sumit</em></span> <span class='ocrx_word' id='word_1_217' title='bbox 876 2339 1106 2385; x_wconf 85' lang='lat' dir='ltr'><em>honorem,</em></span> <span class='ocrx_word' id='word_1_218' title='bbox 1149 2340 1228 2379; x_wconf 81' lang='lat' dir='ltr'>sed</span> <span class='ocrx_word' id='word_1_219' title='bbox 1258 2339 1336 2390; x_wconf 81' lang='lat' dir='ltr'><em>qni</em></span> <span class='ocrx_word' id='word_1_220' title='bbox 1366 2341 1553 2379; x_wconf 80' lang='lat' dir='ltr'><em>vocatur</em></span> 
     </span>
     <span class='ocr_line' id='line_1_31' title="bbox 228 2404 1550 2464; baseline 0.003 -20"><span class='ocrx_word' id='word_1_221' title='bbox 228 2417 258 2444; x_wconf 80' lang='lat' dir='ltr'><strong><em>a</em></strong></span> <span class='ocrx_word' id='word_1_222' title='bbox 288 2404 397 2458; x_wconf 86' lang='lat' dir='ltr'>Deo,</span> <span class='ocrx_word' id='word_1_223' title='bbox 442 2420 552 2460; x_wconf 90' lang='lat' dir='ltr'>ymo</span> <span class='ocrx_word' id='word_1_224' title='bbox 589 2407 734 2447; x_wconf 89' lang='lat' dir='ltr'>hodie</span> <span class='ocrx_word' id='word_1_225' title='bbox 768 2408 914 2450; x_wconf 90' lang='lat' dir='ltr'>debet</span> <span class='ocrx_word' id='word_1_226' title='bbox 952 2421 1073 2459; x_wconf 83' lang='lat' dir='ltr'>esse,</span> <span class='ocrx_word' id='word_1_227' title='bbox 1111 2408 1150 2448; x_wconf 89' lang='lat' dir='ltr'>si</span> <span class='ocrx_word' id='word_1_228' title='bbox 1181 2421 1277 2448; x_wconf 91' lang='lat' dir='ltr'>non</span> <span class='ocrx_word' id='word_1_229' title='bbox 1304 2408 1309 2464; x_wconf 84' lang='grc' dir='ltr'>Ι</span> <span class='ocrx_word' id='word_1_230' title='bbox 1338 2421 1550 2448; x_wconf 89' lang='lat' dir='ltr'>essemus</span> 
     </span>
     <span class='ocr_line' id='line_1_32' title="bbox 227 2474 1549 2531; baseline 0.002 -17"><span class='ocrx_word' id='word_1_231' title='bbox 227 2474 438 2527; x_wconf 87' lang='lat' dir='ltr'>peccatis</span> <span class='ocrx_word' id='word_1_232' title='bbox 483 2476 633 2517; x_wconf 89' lang='lat' dir='ltr'>cecati</span> <span class='ocrx_word' id='word_1_233' title='bbox 670 2476 920 2517; x_wconf 87' lang='lat' dir='ltr'>occultatis</span> <span class='ocrx_word' id='word_1_234' title='bbox 959 2477 1197 2531; x_wconf 81' lang='lat' dir='ltr'>periculis,</span> <span class='ocrx_word' id='word_1_235' title='bbox 1244 2479 1374 2530; x_wconf 90' lang='lat' dir='ltr'>quod</span> <span class='ocrx_word' id='word_1_236' title='bbox 1410 2490 1549 2517; x_wconf 89' lang='lat' dir='ltr'>nemo</span> 
     </span>
     <span class='ocr_line' id='line_1_33' title="bbox 228 2544 1549 2600; baseline 0.003 -17"><span class='ocrx_word' id='word_1_237' title='bbox 228 2550 437 2585; x_wconf 88' lang='lat' dir='ltr'>sumeret</span> <span class='ocrx_word' id='word_1_238' title='bbox 474 2544 564 2586; x_wconf 90' lang='lat' dir='ltr'>sibi</span> <span class='ocrx_word' id='word_1_239' title='bbox 597 2545 875 2600; x_wconf 82' lang='lat' dir='ltr'>dignitatem</span> <span class='ocrx_word' id='word_1_240' title='bbox 905 2546 1173 2587; x_wconf 87' lang='lat' dir='ltr'>huiusmodi</span> <span class='ocrx_word' id='word_1_241' title='bbox 1204 2560 1292 2600; x_wconf 89' lang='lat' dir='ltr'>per</span> <span class='ocrx_word' id='word_1_242' title='bbox 1328 2559 1549 2600; x_wconf 82' lang='lat' dir='ltr'>procura-</span> 
     </span>
     <span class='ocr_line' id='line_1_34' title="bbox 227 2613 1551 2671; baseline 0.003 -18"><span class='ocrx_word' id='word_1_243' title='bbox 227 2613 348 2654; x_wconf 87' lang='lat' dir='ltr'>toria</span> <span class='ocrx_word' id='word_1_244' title='bbox 372 2614 525 2656; x_wconf 86' lang='lat' dir='ltr'>media</span> <span class='ocrx_word' id='word_1_245' title='bbox 547 2621 838 2669; x_wconf 84' lang='lat' dir='ltr'>sumptuosa,</span> <span class='ocrx_word' id='word_1_246' title='bbox 871 2617 1075 2657; x_wconf 89' lang='lat' dir='ltr'>subdola</span> <span class='ocrx_word' id='word_1_247' title='bbox 1097 2622 1145 2657; x_wconf 87' lang='lat' dir='ltr'>et</span> <span class='ocrx_word' id='word_1_248' title='bbox 1166 2616 1415 2663; x_wconf 86' lang='lat' dir='ltr'>laboriosa,</span> <span class='ocrx_word' id='word_1_249' title='bbox 1439 2616 1551 2671; x_wconf 90' lang='lat' dir='ltr'>quin</span> 
     </span>
     <span class='ocr_line' id='line_1_35' title="bbox 227 2683 1549 2740; baseline 0.003 -17"><span class='ocrx_word' id='word_1_250' title='bbox 227 2683 395 2736; x_wconf 89' lang='lat' dir='ltr'>pocius</span> <span class='ocrx_word' id='word_1_251' title='bbox 427 2684 740 2726; x_wconf 88' lang='lat' dir='ltr'>necessitatus</span> <span class='ocrx_word' id='word_1_252' title='bbox 773 2687 1009 2740; x_wconf 83' lang='lat' dir='ltr'>apostolo,</span> <span class='ocrx_word' id='word_1_253' title='bbox 1041 2692 1242 2740; x_wconf 90' lang='lat' dir='ltr'>propter</span> <span class='ocrx_word' id='word_1_254' title='bbox 1263 2686 1361 2727; x_wconf 89' lang='lat' dir='ltr'>vite</span> <span class='ocrx_word' id='word_1_255' title='bbox 1384 2686 1549 2727; x_wconf 89' lang='lat' dir='ltr'>sancti-</span> 
     </span>
    </p>
   </div>
   <div class='ocr_carea' id='block_1_3' title="bbox 112 2422 173 2454">
    <p class='ocr_par' dir='ltr' id='par_1_3' title="bbox 112 2422 173 2454">
     <span class='ocr_line' id='line_1_36' title="bbox 112 2422 173 2454; baseline 0 0"><span class='ocrx_word' id='word_1_256' title='bbox 112 2422 173 2454; x_wconf 77' lang='lat'>199</span> 
     </span>
    </p>
   </div>
   <div class='ocr_carea' id='block_1_4' title="bbox 229 2867 1550 2952">
    <p class='ocr_par' dir='ltr' id='par_1_4' title="bbox 229 2867 1550 2952">
     <span class='ocr_line' id='line_1_37' title="bbox 303 2867 1550 2905; baseline 0.003 -11"><span class='ocrx_word' id='word_1_257' title='bbox 303 2874 346 2902; x_wconf 84' lang='lat'>17.</span> <span class='ocrx_word' id='word_1_258' title='bbox 373 2867 426 2894; x_wconf 84' lang='lat' dir='ltr'>AB</span> <span class='ocrx_word' id='word_1_259' title='bbox 451 2868 481 2894; x_wconf 89' lang='lat' dir='ltr'>in</span> <span class='ocrx_word' id='word_1_260' title='bbox 510 2876 626 2904; x_wconf 61' lang='lat' dir='ltr'>marg:</span> <span class='ocrx_word' id='word_1_261' title='bbox 653 2868 794 2896; x_wconf 75' lang='lat' dir='ltr'>Prezatus</span> <span class='ocrx_word' id='word_1_262' title='bbox 817 2877 909 2896; x_wconf 82' lang='lat' dir='ltr'>verus</span> <span class='ocrx_word' id='word_1_263' title='bbox 933 2869 983 2903; x_wconf 72' lang='lat'>(32</span> <span class='ocrx_word' id='word_1_264' title='bbox 1012 2870 1118 2903; x_wconf 65' lang='lat' dir='ltr'>honac)</span> <span class='ocrx_word' id='word_1_265' title='bbox 1145 2877 1206 2897; x_wconf 83' lang='lat' dir='ltr'>non</span> <span class='ocrx_word' id='word_1_266' title='bbox 1233 2873 1281 2897; x_wconf 85' lang='lat' dir='ltr'>est</span> <span class='ocrx_word' id='word_1_267' title='bbox 1304 2878 1356 2905; x_wconf 86' lang='lat' dir='ltr'>quz</span> <span class='ocrx_word' id='word_1_268' title='bbox 1382 2871 1444 2897; x_wconf 78' lang='lat' dir='ltr'>vita</span> <span class='ocrx_word' id='word_1_269' title='bbox 1471 2871 1550 2898; x_wconf 83' lang='lat' dir='ltr'><em>bona</em></span> 
     </span>
     <span class='ocr_line' id='line_1_38' title="bbox 229 2914 1547 2952; baseline 0.003 -12"><span class='ocrx_word' id='word_1_270' title='bbox 229 2918 325 2941; x_wconf 83' lang='lat' dir='ltr'>caret.</span> <span class='ocrx_word' id='word_1_271' title='bbox 400 2922 447 2949; x_wconf 82' lang='lat'>29.</span> <span class='ocrx_word' id='word_1_272' title='bbox 474 2914 528 2942; x_wconf 80' lang='lat' dir='ltr'>AB</span> <span class='ocrx_word' id='word_1_273' title='bbox 555 2915 586 2941; x_wconf 87' lang='lat' dir='ltr'>in</span> <span class='ocrx_word' id='word_1_274' title='bbox 613 2923 727 2950; x_wconf 64' lang='lat' dir='ltr'>marg:</span> <span class='ocrx_word' id='word_1_275' title='bbox 758 2916 938 2951; x_wconf 68' lang='lat' dir='ltr'>Dl&#39;gm‘tates</span> <span class='ocrx_word' id='word_1_276' title='bbox 963 2916 1186 2943; x_wconf 71' lang='lat' dir='ltr'>ecclesiasticas</span> <span class='ocrx_word' id='word_1_277' title='bbox 1210 2918 1362 2951; x_wconf 82' lang='lat' dir='ltr'><em>quomodo</em></span> <span class='ocrx_word' id='word_1_278' title='bbox 1383 2920 1547 2952; x_wconf 79' lang='lat' dir='ltr'>usurpant.</span> 
     </span>
    </p>
   </div>
   <div class='ocr_carea' id='block_1_5' title="bbox 1763 284 1838 322">
    <p class='ocr_par' dir='ltr' id='par_1_5' title="bbox 1763 284 1838 322">
     <span class='ocr_line' id='line_1_39' title="bbox 1763 284 1838 322; baseline 0 0"><span class='ocrx_word' id='word_1_279' title='bbox 1763 284 1838 322; x_wconf 85' lang='lat'>153</span> 
     </span>
    </p>
   </div>
   <div class='ocr_carea' id='block_1_6' title="bbox 1585 1441 1819 1512">
    <p class='ocr_par' dir='ltr' id='par_1_6' title="bbox 1585 1441 1819 1512">
     <span class='ocr_line' id='line_1_40' title="bbox 1585 1441 1819 1480; baseline -0.004 -12"><span class='ocrx_word' id='word_1_280' title='bbox 1585 1441 1767 1480; x_wconf 66' lang='lat' dir='ltr'>Prexsalence</span> <span class='ocrx_word' id='word_1_281' title='bbox 1787 1442 1819 1468; x_wconf 72' lang='lat' dir='ltr'>ot</span> 
     </span>
     <span class='ocr_line' id='line_1_41' title="bbox 1637 1484 1770 1512; baseline 0.008 -9"><span class='ocrx_word' id='word_1_282' title='bbox 1637 1484 1770 1512; x_wconf 74' lang='lat' dir='ltr'>Simony.</span> 
     </span>
    </p>
   </div>
  </div>
 </body>
</html>
