2078 3338
219 290 307 317 CAP.
328 279 383 336 v.]
616 292 674 323 DE
702 290 982 323 POTESTATE
1008 291 1136 323 PAPE.
1767 280 1818 329 39

219 395 515 436 dotacionem
539 395 751 447 ecclesie,
775 400 886 435 tunc
906 408 1002 435 non
1021 394 1109 434 fuit
1128 394 1297 435 illicita.
1313 393 1533 435 Secunda
1562 414 1704 441 Amnes
1724 414 1797 441 follv

219 465 423 505 stulticia
468 470 552 518 est,
598 479 688 518 qua
731 465 838 518 plus
884 464 1115 505 credimus
1148 464 1382 517 portentis
1416 449 1666 517 quo-lssjsdssgss
1683 449 1820 517 gvoesstgelssttg

217 534 562 587 modocumque
605 533 755 586 factis,
798 538 850 573 ut
891 533 1174 586 imponimus
1218 532 1382 573 virtuti
1431 546 1530 572 cor·
1563 518 1798 580 355ξηῖἷὶᾓίξὲ

217 616 385 656 porum
416 608 718 655 mortuorum,
753 617 888 656 quam
913 602 1059 656 signis
1083 602 1326 643 vivacibus
1350 608 1531 643 sancto-

186 680 318 712 §rum
367 671 807 725 evangelizandum,
851 676 1132 725 peccatores
1166 671 1393 724 plurimos
1426 684 1531 712 con-

217 742 462 794 vertendo,
478 741 527 781 in
549 746 728 781 tantum
750 742 878 794 quod
900 741 938 782 si
960 746 1232 794 portentum
1256 741 1348 781 tale
1369 746 1532 782 sancto

218 815 381 851 nostro
414 809 702 863 ascribimus,
737 823 849 850 cece
883 809 1121 865 arguimus
1160 810 1288 863 quod
1311 809 1534 863 quicquid

217 879 397 919 fecerat
433 892 527 919 non
573 878 774 932 pecavit.
807 878 903 920 Sed
935 879 1082 919 tercia
1112 879 1315 920 stulticia
1348 884 1423 920 est
1444 893 1535 932 qua
1570 890 1599 928 A
1619 889 1701 916 third
1723 889 1796 924 f011y

218 947 470 1001 arguimus,
504 947 542 988 si
571 947 638 988 illi
657 948 894 988 meritorie
919 953 1233 1001 susceperunt
1256 948 1534 989 elemosinas
1584 929 1788 997 t¹ffai⁰1f³fr1ffi¹fs

169 1037 205 1058 ιο
221 1018 418 1058 donatas
462 1017 665 1058 ecclesie
709 1018 795 1058 sub
831 1017 1124 1070 condicione,
1171 1032 1307 1071 quam
1343 1022 1536 1070 oportet
1576 993 1805 1063 ljgceerievg3g3111eyy

218 1086 431 1140 intelligi,
484 1086 611 1139 quod
663 1091 775 1126 tunc
817 1099 907 1126 nec
950 1086 1063 1126 licet
1104 1086 1233 1139 ipsas
1282 1086 1468 1126 auferre
1511 1100 1537 1126 a
1579 1063 1794 1167 ἒὲἷαῖξὶξέἕζ

219 1155 407 1205 nostris,
450 1169 539 1195 nec
570 1156 688 1209 phas
733 1161 805 1197 est
848 1169 1038 1209 negare,
1091 1156 1201 1209 quin
1244 1155 1357 1196 licet
1398 1155 1537 1196 nobis
1562 1167 1810 1206 the-condiscas

219 1228 348 1281 ipsas
372 1226 648 1279 expendere
664 1225 1024 1279 quomodolibet
1038 1226 1372 1267 consumendo.
1395 1225 1537 1266 Nota·
1592 1204 1624 1230 ⁰¹
1644 1203 1768 1264 tgssegm

219 1310 375 1337 remus
435 1295 579 1348 igitur
638 1295 848 1346 formam,
909 1295 1235 1336 condicionem
1299 1300 1346 1335 et
1401 1309 1536 1336 usum
1577 1272 1788 1307 dmregarded,

169 1376 204 1408 15
222 1371 489 1407 sanctorum
523 1370 571 1405 et
594 1378 871 1418 equaremus
901 1365 992 1406 ista
1021 1365 1069 1405 in
1101 1365 1254 1415 nobis,
1285 1370 1535 1418 antequam

222 1435 610 1476 concluderemus
642 1448 729 1488 per
749 1436 903 1475 locum
927 1450 954 1475 a
976 1435 1121 1477 simili.
1154 1435 1255 1476 Nec
1288 1440 1362 1476 est
1394 1436 1536 1485 color,

223 1506 261 1547 si
306 1504 557 1545 cerimonia
600 1504 660 1545 sit
702 1504 748 1544 in
780 1504 929 1558 laycis
959 1504 1208 1557 meritoria,
1255 1504 1383 1558 quod
1413 1504 1538 1544 foret

219 1575 268 1615 in
291 1574 473 1615 clericis
494 1574 643 1627 magis
667 1579 839 1615 sancta.
873 1573 1007 1616 Sicut
1027 1580 1161 1628 patet
1185 1575 1243 1614 de
1264 1574 1539 1627 homicidiis,

224 1645 282 1685 de
315 1643 563 1685 connubiis
596 1649 644 1684 et
665 1643 911 1697 multiplici
931 1644 1171 1684 meritorio
1194 1643 1286 1684 ritu
1308 1644 1355 1684 in
1376 1644 1538 1698 laycis,

167 1732 208 1753 20
223 1714 302 1767 qui
331 1713 457 1753 foret
487 1713 535 1753 in
567 1712 748 1754 clericis
779 1727 1064 1755 venenosus.

280 1783 550 1824 Notandum
574 1788 729 1822 tamen
744 1783 872 1836 quod
886 1783 1163 1836 temporalia
1177 1796 1272 1823 non
1288 1782 1539 1823 occasione
1579 1796 1802 1824 Endowmems

110 1862 187 1894 183⁸
223 1854 282 1893 ab
307 1852 375 1893 eis
398 1851 525 1907 data}
545 1852 629 1894 sed
651 1853 771 1892 male
793 1858 992 1906 accepta
1013 1857 1253 1893 venenant
1281 1851 1538 1893 ecclesiam.
1560 1832 1721 1895 ngiigrbii‘
1740 1836 1822 1892 {³52¹oe

225 1921 275 1963 Si
308 1921 430 1961 enim
475 1926 605 1963 totus
639 1922 792 1962 clerus
832 1921 1012 1962 diceret
1057 1921 1367 1962 effectualiter
1412 1921 1540 1975 quod
1560 1901 1826 1973 Γρῗῃοεῗῃῗῖράιῖιιὲὸῖ

226 1991 379 2031 omnia
416 1991 693 2045 temporalia
731 2005 821 2044 que
854 1992 1081 2032 habemus
1113 1997 1165 2032 ut
1197 1991 1353 2032 clerici
1384 1991 1539 2031 forent
1555 1979 1760 2044 ρῑοξῖῗῖζῃῖῗ
1779 2007 1829 2033 me

168 2070 342 2114 25pure
388 2060 643 2101 elemosine
695 2061 972 2101 secularium
1017 2066 1065 2101 et
1107 2062 1233 2101 bona
1277 2060 1539 2101 communia
1647 2050 1737 2078 ‘³⁰⁰²

224 2143 498 2183 pauperum,
542 2130 751 2171 secundo
787 2129 1098 2171 effectualiter
1131 2136 1179 2170 et
1214 2129 1541 2170 indifferenter

224 2199 592 2240 ministraremus
624 2200 683 2239 de
714 2199 804 2240 illis
836 2199 985 2253 magis
1019 2200 1274 2254 egentibus
1307 2205 1355 2240 et
1392 2200 1539 2240 tercio

226 2282 609 2310 consumeremus
652 2268 839 2322 precise
884 2270 942 2308 de
973 2268 1063 2310 illis
1096 2274 1318 2323 quantum
1358 2274 1430 2310 est
1461 2282 1540 2309 ne-

227 2338 479 2379 cessarium
500 2339 560 2378 ad
581 2343 791 2379 nostrum
815 2338 1030 2378 clericale
1052 2338 1271 2389 officium,
1293 2352 1542 2392 possemus

171 2417 213 2449 30
227 2407 520 2461 proprietate
573 2421 686 2448 usus
738 2412 786 2447 et
835 2407 1079 2448 ministerii
1131 2420 1365 2460 occupare
1415 2407 1542 2447 licite

229 2477 381 2517 omnia
409 2477 685 2530 temporalia
712 2490 803 2530 que
824 2478 1063 2519 habemus.
1085 2477 1146 2516 Et
1167 2476 1234 2518 sic
1251 2482 1544 2530 occuparunt

229 2560 391 2588 omnes
424 2547 573 2588 sancti
596 2546 814 2600 episcopi
837 2560 898 2586 ex
920 2547 1080 2587 mundi
1103 2546 1286 2587 diviciis
1310 2559 1542 2586 commen—

228 2616 379 2658 dandi.
414 2616 554 2669 Quod
587 2615 625 2656 si
655 2615 987 2657 blasfemamus
1027 2616 1154 2669 quod
1191 2615 1316 2655 nude
1348 2615 1541 2655 materia

299 2822 327 2852 3.
343 2822 460 2851 Codd.:
480 2823 603 2851 virtute.
677 2831 722 2850 21.
743 2823 772 2849 A
787 2822 817 2849 in
833 2829 948 2857 marg.:
970 2821 1091 2849 Divicie
1110 2821 1264 2856 quomodo
1278 2824 1432 2849 venenant
1451 2821 1545 2848 eccle-

228 2870 316 2897 siam.
391 2869 440 2898 23.
461 2871 490 2897 A
510 2870 541 2897 in
562 2878 677 2905 marg:
705 2869 787 2897 Nota
813 2869 966 2904 quomodo
992 2869 1094 2896 clerus
1118 2871 1220 2904 potest
1244 2876 1312 2896 cum
1337 2868 1405 2899 Deo
1431 2868 1546 2900 habere

230 2917 334 2946 omnia
353 2917 432 2944 hona
455 2925 512 2954 que
531 2916 622 2944 habet
640 2919 669 2945 et
688 2917 842 2953 quomodo
863 2923 898 2944 ea
917 2916 1019 2946 sancti
1037 2916 1223 2946 habuerunt.
