2078 3338
271 275 353 324 264

296 1986 378 2015 Such
400 1995 416 2013 a
436 1986 526 2014 claim

311 2022 437 2056 implies
454 2021 519 2048 that

313 2058 363 2084 the
384 2065 464 2092 pope
484 2056 510 2083 is

313 2091 515 2126 impeccable.

998 284 1224 316 JOHANNIS
1249 285 1436 317 WYCLIF
1714 275 1820 326 [CAP.
1840 284 1877 312 X.

561 387 735 429 Christi
796 388 1055 429 ordinando
1116 389 1374 429 remedium
1437 394 1601 429 contra
1654 391 1880 430 maculam

561 469 739 508 sponse
772 469 870 507 sue,
919 457 994 497 cui
1023 456 1199 498 Paulus
1232 457 1514 498 contradicit
1547 457 1644 499 Gal.
1677 458 1736 508 II,
1778 472 1880 499 cum

559 538 647 578 pro
680 525 776 565 levi
808 526 949 578 culpa
978 525 1026 566 in
1057 525 1178 567 facie
1210 526 1386 567 restitit
1420 527 1564 567 Petro
1593 540 1738 580 pape;
1770 527 1879 567 ideo

560 594 702 634 nichil
723 594 959 635 infidelius
983 608 1121 648 quam
1156 608 1334 649 negare
1366 597 1495 649 quod
1517 601 1641 636 statu
1664 596 1883 649 superior

561 670 610 703 et
651 663 847 704 inferior
890 665 1047 718 quoad
1090 678 1248 705 mores
1285 670 1452 718 potest
1491 665 1667 718 corripi
1704 679 1730 705 a
1775 667 1916 705 sub-5

558 732 698 774 iecto.
730 732 847 773 Ideo
882 734 1092 773 secundo
1127 734 1336 787 arguitur
1367 747 1455 787 per
1484 735 1575 774 hoc
1599 734 1728 787 quod
1758 747 1884 787 papa

561 801 686 854 gerit
730 802 778 841 in
821 801 960 842 terris
993 802 1147 842 vicem
1185 803 1360 843 domini
1393 802 1537 844 Ihesu
1569 803 1753 852 Christi,
1799 805 1885 844 sed

559 870 716 924 ipsum
747 884 843 911 non
873 870 1005 911 licuit
1036 871 1174 911 alicui
1202 871 1458 924 corripere,
1490 878 1543 912 ut
1564 877 1698 925 patet
1720 872 1883 914 Matth.

560 938 697 990 XVI,
722 953 743 980 2
750 954 773 991 3
807 939 889 980 ubi
910 945 1109 993 propter
1136 940 1495 994 correpcionem
1519 941 1690 982 Christi
1712 941 1884 983 Petrus

561 1014 761 1049 vocatur
781 1010 1013 1063 sathanas,
1045 1009 1189 1063 igitur
1210 1023 1299 1050 nec
1329 1010 1429 1050 eius
1452 1010 1606 1051 vicem
1638 1016 1884 1064 gerentem
1905 1026 1944 1047 10

560 1078 675 1118 licet
708 1078 963 1130 corripere.

621 1145 720 1188 Sed
740 1146 829 1187 ista
852 1147 1042 1200 argucia
1072 1147 1208 1188 nimis
1233 1148 1476 1198 claudicat,
1511 1161 1615 1189 cum
1642 1153 1887 1202 oporteret

563 1215 722 1256 dicere
747 1217 876 1269 quod
899 1216 1049 1257 omnis
1067 1216 1241 1258 Christi
1257 1217 1460 1258 vicarius
1484 1217 1543 1258 sit
1563 1218 1885 1271 impeccabilis

564 1285 685 1326 sicut
708 1284 941 1337 Christus3
974 1291 1022 1325 et
1054 1286 1121 1327 sic
1158 1299 1275 1327 vere
1309 1287 1606 1327 concluditur
1638 1288 1767 1340 quod
1798 1300 1886 1327 nec

562 1367 688 1408 papa
738 1367 828 1394 nec
879 1354 996 1395 alius
1050 1355 1199 1396 debet
1251 1355 1426 1409 corripi
1469 1357 1546 1396 vel
1598 1356 1787 1410 corrigi,
1839 1356 1886 1396 in
1908 1363 1943 1395 15

564 1429 792 1476 quantum
824 1424 1039 1476 sequitur
1071 1430 1214 1477 caput
1247 1424 1492 1465 Christum.

622 1491 720 1534 Sed
751 1493 900 1533 tercio
935 1493 1148 1547 arguitur
1180 1506 1244 1533 ex
1273 1495 1382 1546 lege
1414 1493 1542 1534 XXI
1575 1494 1887 1536 distinccione

563 1561 696 1602 Nunc
746 1566 899 1603 antem
951 1564 1122 1615 divina,
1175 1562 1257 1603 ubi
1309 1563 1492 1613 dicitur,
1551 1565 1680 1617 quod
1734 1566 1889 1605 nullus

563 1635 829 1672 sanctornm
867 1632 1183 1685 episcoporum
1216 1644 1359 1673 ansus
1389 1637 1452 1674 est
1482 1634 1529 1673 in
1561 1633 1888 1675 Marcellinum

560 1714 740 1754 papam
777 1701 953 1753 inferre
989 1703 1278 1754 sentenciam,
1317 1704 1397 1744 sed
1433 1704 1663 1743 dixerunt:
1700 1706 1774 1744 tuo
1813 1715 1890 1744 ore
1907 1719 1948 1741 20

567 1771 723 1811 iudica
754 1782 945 1811 cansam
973 1774 1117 1821 taam,
1148 1783 1238 1812 non
1261 1775 1415 1813 nostro
1437 1773 1607 1812 indicio
1629 1773 1890 1813 subiacebis.

627 1838 727 1880 Sed
771 1844 960 1880 constat
1003 1840 1133 1893 quod
1175 1840 1292 1881 illud
1322 1842 1522 1881 verbum
1554 1841 1891 1894 episcoporum

568 1922 663 1949 non
685 1914 852 1962 potest
872 1910 1042 1949 tollere
1063 1910 1224 1963 legem
1238 1909 1345 1959 Dei,
1364 1924 1455 1963 qua
1467 1910 1515 1950 in
1531 1910 1890 1963 archiepiscopo

567 1978 717 2018 Paulo
752 1978 981 2032 corripuit
1011 1991 1182 2032 papam
1213 1979 1421 2029 Petrum,
1453 1984 1505 2020 ut
1535 1985 1671 2033 patet
1705 1979 1803 2021 Gal.
1831 1978 1888 2018 II.

568 2047 685 2088 Ideo
728 2048 855 2088 idem
898 2048 1025 2089 foret
1063 2048 1221 2089 dicere
1261 2050 1392 2102 quod
1429 2062 1525 2089 non
1561 2049 1675 2090 licet
1717 2062 1890 2102 papam
1907 2055 1947 2087 25

569 2117 810 2171 corripere
856 2123 905 2158 et
949 2117 1108 2159 dicere
1152 2119 1282 2172 quod
1326 2124 1399 2159 est
1442 2119 1760 2172 personaliter
1809 2118 1890 2158 im-

567 2187 827 2240 peccabilis
844 2187 1063 2228 dominus
1077 2187 1245 2228 Ihesus
1256 2187 1469 2229 Christus
1483 2188 1562 2228 vel
1576 2188 1680 2242 ipse
1688 2187 1891 2237 Lucifer,

570 2256 651 2310 qui
664 2269 753 2310 per
769 2256 1127 2310 correpcionem
1141 2256 1392 2297 fraternam
1406 2270 1502 2297 non
1514 2255 1517 2312 J
1528 2262 1692 2311 potest
1707 2255 1892 2310 corrigi.
1932 2262 2014 2305 227b

569 2326 710 2366 Unde
743 2339 847 2366 cum
878 2339 1005 2379 papa
1035 2326 1226 2366 racione
1258 2326 1505 2380 multiplici
1537 2327 1598 2368 sit
1628 2326 1824 2380 pronior
1846 2330 1894 2366 et

570 2394 885 2448 periculosior
914 2395 962 2435 in
983 2396 1244 2448 peccando,
1278 2400 1473 2449 oportet
1500 2396 1559 2436 de
1583 2394 1892 2449 correpcione
1910 2403 1951 2435 30

573 2470 620 2504 et
654 2464 958 2505 correccione
991 2478 1076 2505 sua
1105 2465 1392 2518 prudencius
1425 2478 1710 2518 precavere;
1751 2470 1798 2504 et
1836 2464 1894 2504 ad

570 2534 662 2574 hoc
707 2533 982 2574 ordinantur
1011 2535 1147 2588 leges
1180 2534 1396 2585 ecclesie,
1441 2540 1492 2575 ut
1535 2541 1670 2588 patet
1702 2534 1893 2574 distinc-

645 2761 694 2789 25.
722 2761 823 2789 Codd.
850 2761 880 2788 in
913 2769 1028 2796 marg:
1059 2761 1227 2796 Correpct'o
1254 2761 1357 2795 patris
1384 2762 1574 2789 necessaria.
1655 2769 1703 2796 27.
1732 2761 1829 2789 Codd.
1862 2761 1892 2788 in

573 2815 686 2842 marga
708 2806 879 2842 Correpcio
895 2815 979 2842 pape
997 2807 1093 2835 licita.

650 2888 698 2921 18.
725 2889 860 2921 Decreti
888 2890 1005 2921 Prima
1032 2890 1127 2926 Pars,
1152 2889 1236 2921 Dist.
1264 2889 1351 2930 XXI⁷
1379 2899 1452 2931 cap.
1472 2889 1543 2923 VII.
