2078 3338
208 254 299 282 CAP.
324 241 395 299 vi]
603 255 661 286 DE
690 253 967 285 POTEsTATE
996 253 1124 284 ΡΑΡΕ.
1730 256 1803 294 107

199 360 387 400 racione
403 360 480 399 vel
503 359 628 399 facto
653 358 906 398 ostendere
929 357 1195 397 huiusmodi
1216 361 1517 409 potestatem.

199 429 425 483 Apostoli
443 428 564 468 enim
588 427 710 467 sicut
723 428 987 467 habuerunt
1002 431 1291 478 potestatem
1314 431 1516 466 vexatos

200 513 227 539 a
258 500 447 539 sathana
490 497 732 546 liberandL
779 495 845 536 sic
892 496 1037 536 eciam
1080 496 1345 536 habuerunt
1381 500 1516 548 pote-

199 571 366 610 statem
408 567 624 609 tradendi
668 566 872 608 Sathane
923 572 1205 620 peccatores
1254 564 1517 605 inficientes
1554 578 1621 605 Tne
1642 577 1777 612 aposties

167 639 460 681 §ecclesiam.
493 638 610 678 Nam
642 638 754 679 Mar.
777 637 941 677 ultimo
976 635 1089 676 dicit
1112 635 1339 676 Christus:
1375 633 1519 687 Signa
1542 613 1609 674 ἕζῖῗ
1626 617 1795 685 ἕῖιψεῗζνῖῗε

200 712 352 750 autem
375 721 449 749 eos
469 709 547 760 qui
567 708 853 756 crediderint,
881 707 956 747 hec
976 708 1237 758 sequentur:
1260 704 1314 744 In
1336 705 1519 744 nomine
1551 681 1797 743 agfciessodedreshfffs

199 792 297 820 meo
330 779 544 820 demonia
573 779 760 827 eiicient,
793 778 964 829 linguis
987 777 1221 828 loquentur
1252 775 1391 823 novis,
1423 787 1517 814 ser·
1616 751 1720 778 smn'

194 852 350 903 pentes
381 849 543 894 tollent,
584 851 623 888 et
658 848 699 888 si
737 847 1032 899 mortiferum
1070 846 1179 898 qnid
1211 846 1400 885 biberint
1431 856 1518 884 nou

201 920 265 960 eis
295 919 474 959 nocebit.
525 917 587 958 Et
624 923 757 971 patet
803 916 850 957 in
895 916 1096 957 cronicis
1142 915 1271 969 quod
1315 913 1521 967 apostoli

148 989 465 1028 tohabuerunt
515 987 781 1027 huiusmodi
831 992 1113 1039 potestates,
1174 991 1225 1025 ut
1275 989 1410 1038 patet
1462 984 1520 1023 de

199 1058 346 1098 Paulo
380 1058 486 1099 Act.
520 1056 704 1109 ultim03
750 1062 798 1096 et
850 1056 980 1109 quod
1014 1055 1218 1109 apostoli
1254 1055 1521 1095 habuerunt

198 1132 487 1181 potestatem
532 1126 750 1166 tradendi
799 1138 1058 1179 perversos
1121 1125 1326 1171 sathane,
1386 1129 1521 1176 patet

199 1198 306 1239 Act.
337 1196 382 1236 V
416 1196 475 1235 de
506 1195 690 1235 Anania
735 1201 782 1235 et
813 1194 1026 1248 Saphira,
1072 1200 1119 1235 et
1156 1194 1305 1247 prima
1339 1192 1441 1234 Cor.
1476 1192 1521 1232 V

201 1267 259 1306 de
303 1265 571 1316 fornicario,
625 1264 706 1318 qui
750 1264 978 1318 cognovit
1021 1277 1219 1304 uxorem
1270 1263 1423 1317 patris
1474 1268 1521 1302 et

78 1339 153 1382 187c
199 1335 348 1389 prima
380 1335 526 1376 Thim.
564 1334 719 1388 primo
766 1335 824 1374 de
858 1333 1072 1374 Ymeneo
1109 1333 1113 1388 Ι
1150 1340 1197 1375 et
1226 1334 1518 1380 Alexandro,

200 1418 320 1458 quos
363 1405 631 1458 Apostolus
676 1404 867 1444 tradidit
911 1404 1102 1444 sathane
1147 1408 1347 1457 propter
1390 1403 1518 1443 blas-

200 1474 445 1528 phemiam.

258 1544 389 1595 Item,
423 1544 682 1584 secundum
712 1544 1000 1597 Apostolum
1031 1542 1180 1596 prima
1212 1542 1316 1583 Cor.
1350 1541 1462 1595 XII,
1496 1554 1520 1591 4
1577 1552 1625 1600 Ail
1648 1559 1697 1590 sire
1719 1556 1772 1599 rgot

200 1615 443 1655 divisiones
469 1615 745 1667 graciarum
789 1617 905 1664 suut,
939 1627 1053 1667 quas
1091 1612 1323 1654 Dominus
1357 1612 1523 1652 dividit
1555 1587 1630 1649 alili?
1646 1594 1790 1655 ssscixffgffffe

146 1697 187 1718 20
201 1683 400 1737 singulis
432 1690 577 1737 prout
607 1685 726 1731 vult:
761 1689 804 1724 et
834 1683 912 1724 ille
945 1684 1104 1738 gracie
1140 1683 1219 1723 vel
1251 1689 1360 1723 sunt
1390 1688 1520 1735 pote-

202 1759 348 1795 states
370 1754 448 1794 vel
473 1754 530 1793 ad
551 1759 815 1807 potestates
840 1758 1200 1806 consequentes,
1233 1751 1379 1804 igitur
1401 1750 1524 1791 sicut

201 1837 298 1864 non
342 1837 504 1864 omnes
555 1823 856 1877 parificantur
905 1824 953 1864 in
996 1822 1180 1877 graciis,
1234 1821 1301 1861 sic
1345 1834 1434 1861 nec
1476 1820 1524 1860 in

202 1898 454 1947 potestate.
507 1893 609 1934 Nec
640 1894 768 1933 valet
808 1894 965 1933 dicere
1005 1893 1133 1946 quod
1171 1890 1324 1931 nostri
1355 1890 1525 1944 prelati

204 1964 251 2003 in
282 1969 522 2017 potestate
553 1962 784 2017 precipua
823 1969 931 2004 sunt
962 1976 1102 2017 pares
1136 1960 1377 2015 apostolis,
1418 1960 1525 2013 quia

149 2034 188 2067 25
207 2047 384 2074 summa
414 2039 630 2087 potestas
666 2047 891 2075 concessa
924 2033 1176 2074 christiano
1217 2038 1310 2074 stat
1340 2033 1388 2073 in
1417 2033 1523 2080 hoc,

207 2104 336 2156 quod
387 2103 448 2144 sit
490 2103 584 2144 Dei
634 2103 756 2144 filius
801 2103 1066 2157 adoptivus,
1122 2116 1226 2143 cum
1273 2102 1371 2143 aliis
1413 2102 1524 2143 inde

205 2172 531 2226 sequentibus,
583 2179 633 2214 ut
684 2179 800 2223 puta
844 2174 974 2227 quod
1017 2173 1331 2213 constituatur
1382 2185 1526 2225 super

206 2242 360 2282 omnia
391 2244 516 2282 bona
546 2243 651 2283 Dei.
687 2242 786 2284 Sed
819 2257 880 2283 ex
912 2242 1056 2283 dubio
1092 2242 1307 2296 cuiquam
1340 2242 1523 2296 prelato

205 2318 370 2352 nostro
423 2311 627 2365 simplex
678 2313 843 2366 ydiota
894 2312 985 2352 sibi
1036 2312 1280 2353 subiectus
1336 2312 1384 2352 in
1434 2313 1525 2351 hoc

150 2385 192 2417 30
204 2380 361 2434 ipsum
389 2387 632 2434 exuperat,
654 2381 800 2434 igitur
820 2394 915 2422 non
936 2381 984 2422 in
1005 2382 1096 2422 hoc
1121 2382 1267 2422 debet
1297 2394 1525 2435 pompare

207 2451 265 2490 de
309 2451 659 2503 preeminencia
701 2452 970 2505 potestatiS‚
1015 2464 1125 2506 ymo
1171 2451 1210 2491 si
1258 2450 1527 2504 parificatur

207 2520 437 2573 apostolis
468 2521 516 2561 in
547 2527 789 2574 potestate
833 2521 1125 2561 ministrandi
1156 2526 1446 2561 sacramenta
1479 2526 1526 2560 et

208 2588 393 2630 aliunde
418 2591 625 2644 apostoli
655 2590 811 2644 ipsum
835 2596 1154 2642 excesserant,
1185 2590 1375 2630 videtur
1396 2590 1526 2643 quod

283 2804 305 2824 1.
327 2796 365 2824 B:
386 2797 471 2824 modi
488 2797 584 2824 deest.
659 2797 686 2825 6.
710 2798 827 2824 Codd.:
847 2800 1029 2833 sequuntur.
1104 2804 1131 2831 7.
1154 2797 1270 2824 Codd.:
1293 2796 1470 2831 loquuntur.

281 2886 310 2921 5.
337 2881 441 2913 Marc.
466 2880 556 2919 XVI,
588 2879 731 2921 17-18.
