2078 3338
196 258 290 286 cw-
312 250 352 303 1.]
593 262 652 292 DE
681 260 960 292 POTEsTATE
993 261 1121 292 ΡΑΡΕ.

198 364 396 404 liberum
428 364 672 404 arbitrium
694 369 860 417 potest
881 377 1004 404 nunc
1026 364 1172 404 laxari
1201 376 1289 417 per
1311 362 1516 415 graciam

1755 264 1799 302 Ι7

201 440 247 474 et
290 448 415 474 nunc
458 434 694 489 restringi,
747 439 795 473 et
847 433 914 474 sic
956 447 1044 487 per
1096 431 1516 487 equivocacionem
1542 442 1576 469 In
1597 443 1680 470 what
1701 452 1789 472 sense

1538 476 1613 504 Free
1639 479 1702 505 will
1725 487 1796 514 may

199 504 447 545 solvuntur
469 509 756 558 apparentes
780 503 1017 544 discordie
1042 503 1303 556 doctorum,
1320 515 1517 555 quorum
1551 512 1586 539 be
1605 516 1788 548 augmented

199 573 340 627 aliqui
363 575 429 626 (ut
442 574 747 627 Anshelmus)
765 573 927 614 dicunt
948 574 1077 627 quod
1098 586 1188 614 non
1203 575 1351 626 potest
1366 572 1518 625 perdi,

167 645 494 697 5augmentari
550 645 618 684 vel
668 644 819 684 minui
862 643 1057 684 liberum
1102 643 1362 683 arbitrium.
1423 640 1520 680 Alii

199 718 353 754 autem
385 711 455 769 (ut
484 712 782 766 Augustinus
813 711 1153 762 Encheridion)
1186 712 1348 752 dicunt
1390 710 1520 763 quod

192 784 331 836 perdi
365 785 510 836 potest
552 783 747 823 liberum
791 783 1039 822 arbitrium
1076 794 1164 835 per
1200 784 1442 835 peccatum
1481 782 1519 819 et

199 852 365 905 augeri
388 864 477 905 per
503 853 734 905 graciam.
787 851 1064 905 Intelligunt
1095 856 1250 891 autem
1283 849 1517 891 sufficien-

201 921 317 962 ciam
348 921 665 975 propinquam
696 922 754 961 ad
786 935 990 975 operam,
1023 935 1162 974 quam
1192 925 1386 974 oportet
1406 924 1519 973 post

147 991 400 1046 xoprimum
421 997 670 1045 peccatum
693 991 793 1032 dari
816 1005 877 1032 ex
908 991 1078 1045 gracia,
1112 991 1235 1031 sicut
1267 996 1315 1030 et
1341 989 1518 1030 ordinis

198 1066 501 1115 potestatem,
535 1067 700 1115 preter
729 1061 929 1101 liberum
953 1060 1192 1101 arbitrium
1213 1060 1438 1110 naturale,
1471 1064 1520 1098 et

200 1131 267 1172 sic
287 1136 502 1184 potestas
525 1130 746 1172 naturalis
770 1136 971 1184 augetur
1000 1131 1079 1171 vel
1099 1129 1402 1183 restringitur
1432 1142 1520 1182 per

200 1201 456 1242 adventum
486 1200 740 1254 potestatis
773 1200 1039 1241 adventicie
1074 1206 1122 1241 et
1150 1201 1227 1241 illa
1251 1199 1518 1240 consistens

198 1270 247 1311 in
288 1270 608 1324 successione,
659 1275 825 1324 potest
866 1270 1014 1311 instar
1061 1270 1199 1311 etatis
1241 1283 1366 1310 nunc
1412 1281 1518 1309 esse

145 1350 183 1380 15
201 1341 400 1395 amplior
432 1346 480 1382 et
511 1354 633 1381 nunc
665 1341 828 1393 minor,
860 1341 973 1381 licet
1005 1340 1066 1381 sit
1095 1339 1395 1381 indivisibilis
1424 1352 1518 1392 quo

85 1417 164 1452 165¹³
201 1412 259 1451 ad
286 1412 292 1463 Ι
318 1411 504 1451 molem.
555 1410 631 1451 De
662 1416 906 1464 potestate
937 1424 1056 1451 vero
1102 1410 1280 1451 ordinis
1314 1415 1362 1450 et
1390 1408 1519 1449 iuris-

201 1480 420 1522 dictionis
452 1480 635 1521 dicetur
665 1480 874 1521 inferius.

260 1551 340 1591 Ad
370 1550 567 1591 tercium
602 1550 773 1591 dicitur
816 1551 946 1604 quod
989 1556 1281 1604 assumptum
1326 1555 1373 1589 et
1413 1562 1519 1589 con-

203 1620 459 1675 sequencia
500 1620 632 1661 illata
675 1621 897 1661 videntur
939 1620 1079 1662 michi
1121 1634 1255 1671 vera3
1307 1619 1520 1673 quamvis

147 1708 188 1730 20
204 1691 325 1731 enim
378 1696 590 1732 creatura
642 1697 927 1745 cooperatur
978 1705 1083 1732 cum
1127 1691 1249 1742 Deo,
1300 1689 1520 1730 faciendo

203 1761 339 1814 signa
371 1761 724 1801 sacramentalia
747 1767 795 1801 et
824 1761 892 1801 sic
915 1760 1262 1814 quodammodo
1289 1759 1523 1810 faciendo,

206 1830 314 1885 quia
343 1830 457 1871 facit
490 1830 849 1872 occasionaliter
877 1831 1007 1884 quod
1028 1831 1162 1871 Deus
1195 1830 1274 1870 dat
1306 1828 1523 1885 graciam,

203 1900 428 1954 imprimit
477 1900 783 1947 karacterem‚
843 1901 920 1941 vel
975 1900 1199 1954 producit
1257 1897 1528 1946 huiusmodi

207 1970 480 2024 qualitatem
524 1971 941 2024 supernaturalem,
986 1984 1081 2011 non
1117 1975 1274 2011 tamen
1305 1967 1529 2022 producit

149 2046 190 2079 25
209 2054 312 2081 cum
325 2042 432 2081 Deo
449 2040 716 2081 huiusmodi
737 2041 1022 2094 qualitatem,
1043 2046 1095 2081 ut
1114 2040 1295 2080 dicetur
1308 2037 1527 2093 proximo

210 2110 440 2164 capitulo3
476 2111 562 2150 sed
581 2110 716 2151 Deus
737 2124 863 2151 nunc
893 2110 1232 2151 antecedenter
1262 2122 1387 2149 nunc
1422 2121 1528 2148 con-

210 2185 470 2234 sequenter
522 2186 568 2221 et
618 2195 743 2221 nunc
809 2180 1184 2222 concomitanter
1235 2180 1292 2220 ad
1344 2178 1530 2232 signum

211 2250 435 2291 sensibile
485 2264 574 2304 per
627 2264 678 2291 se
728 2251 842 2292 facit
893 2264 1014 2304 opus
1059 2249 1429 2304 supernaturale,
1484 2252 1532 2287 et

210 2325 425 2373 potestas
472 2320 650 2361 ordinis
690 2326 764 2362 est
796 2321 1143 2374 quodammodo
1189 2332 1344 2372 causa,
1387 2330 1532 2372 quare

153 2397 194 2427 3'0
210 2390 345 2430 Deus
390 2390 458 2430 sic
503 2390 613 2444 agit,
660 2404 765 2431 cum
809 2391 971 2432 statuit
1015 2404 1066 2431 se
1111 2402 1387 2430 concurrere
1428 2400 1533 2427 cum

214 2460 429 2513 quolibet
480 2461 728 2501 sacerdote
778 2460 869 2502 rite
919 2460 1212 2501 ministrante
1267 2456 1534 2499 huiusmodi

213 2536 513 2571 sacramenta.
566 2529 702 2572 Sicut
743 2536 908 2571 natura
951 2531 1030 2571 dat
1075 2530 1270 2570 animam
1300 2532 1415 2581 post
1446 2526 1533 2567 dis-

286 2696 329 2716 12.
353 2688 448 2716 Cod.:
470 2690 649 2726 stringitur.
727 2690 770 2719 18.
792 2692 845 2718 AB
866 2691 895 2718 in
918 2699 1033 2727 marg:
1055 2692 1097 2719 ad
1116 2698 1174 2726 3211.

287 2771 385 2804 1-—8.
413 2773 530 2804 Hussii
558 2774 651 2816 Opp.
677 2773 736 2807 fol.
763 2777 856 2815 214².
953 2782 984 2813 4.
1017 2775 1069 2806 De
1108 2773 1235 2805 Libero
1270 2773 1424 2805 Arbitrio
1463 2782 1537 2805 121.

215 2829 246 2862 6.
274 2830 502 2862 Enchiridion
528 2831 571 2862 ad
591 2831 835 2863 Laurentium:
863 2831 988 2864 Libero
1013 2832 1168 2864 arbitrio
1194 2832 1284 2863 male
1309 2834 1411 2863 uleus
1435 2831 1538 2863 horno

213 2890 244 2920 et
273 2898 309 2920 se
329 2890 452 2931 perdit
478 2891 509 2922 et
534 2891 666 2931 ipsum.

285 2951 327 2974 De
343 2951 495 2975 Potestate
510 2952 599 2979 Pape-

1540 555 1575 574 01·
1595 548 1796 576 diminished.

1614 1572 1648 1600 In
1673 1573 1724 1599 the

1577 1611 1767 1635 sam-amerus

1623 1642 1726 1669 man's

1571 1677 1771 1711 cooperation

1623 1713 1649 1739 is
1672 1713 1724 1739 but

1583 1748 1772 1782 secondary3

1552 1782 1621 1810 God
1642 1782 1728 1818 gives
1747 1783 1798 1808 the

1626 1825 1726 1852 grace.
