2078 3338
194 273 283 302 CAP.
303 265 373 318 XL]
596 277 654 308 DE
682 275 962 309 PoTEsTATE
990 278 1119 309 PAPE.

1723 283 1803 321 303

251 379 341 420 Hic
372 379 560 421 videtur
603 380 743 421 michi
781 381 911 435 quod
941 381 1091 435 prima
1127 381 1369 422 conclusio
1405 395 1513 422 con·
1529 393 1579 420 All
1593 393 1706 428 things,
1729 402 1803 421 even

196 449 300 490 cedi
323 450 508 502 debeat,
533 463 638 490 cum
660 456 790 492 totus
813 465 1033 492 numerus
1057 451 1384 505 prescitorum‚
1407 465 1515 506 ymo

194 532 330 560 omne
362 525 623 572 peccatum,
668 520 821 574 prosit
865 535 953 574 per
985 521 1204 562 accidens
1243 527 1405 562 sancte
1440 535 1515 562 ec-

194 589 349 630 clesie.
373 589 490 630 Nam
506 589 643 632 Rom.
659 590 791 643 VIII,
810 594 861 631 28
881 591 1070 632 dicitur:
1095 590 1278 632 Scimus
1297 593 1516 644 quoniam

161 660 485 712 §diligentibus
515 660 664 702 Deum
709 662 867 702 omnia
912 665 1213 715 cooperantur
1249 663 1298 702 in
1336 664 1516 704 honum.

193 727 332 769 Unde
365 729 489 769 solet
522 743 629 770 esse
663 730 909 772 distinccio
957 732 1198 784 quomodo
1233 731 1385 786 aliqua
1409 745 1515 786 pro-

193 803 303 838 sunt
333 812 421 852 per
453 812 504 839 se
538 800 715 841 directe
740 806 788 841 et
820 800 1071 841 occasione
1104 801 1210 842 data
1233 802 1290 841 ad
1321 802 1516 843 beatitu-

194 867 349 909 dinem
393 876 679 922 sanctorum,
725 870 846 911 sicut
890 872 1017 911 bona
1047 870 1234 911 virtutis
1269 877 1316 912 et
1346 871 1518 924 gracie,

194 937 349 991 aliqua
382 945 537 981 autem
569 945 772 994 prosunt
808 954 896 996 per
928 940 1149 981 accidens
1180 939 1409 982 indirecte
1441 942 1519 982 vel

140 1028 178 1049 10
193 1009 443 1051 occasione
483 1025 546 1052 ex
573 1011 731 1065 gracia
758 1011 852 1051 Dei
888 1016 1094 1064 accepta,
1128 1010 1388 1051 cuiusmodi
1410 1016 1519 1063 sunt

191 1085 408 1131 peccata;
443 1086 492 1122 et
523 1081 591 1122 sic
622 1081 831 1135 loquitur
863 1083 1034 1122 beatus
1060 1080 1320 1134 Gregorius
1343 1095 1517 1122 vocans

192 1148 381 1200 felicem
414 1152 612 1204 culpam,
653 1164 764 1205 ymo
794 1151 1095 1204 Augustinus
1130 1151 1243 1191 dicit
1282 1151 1410 1205 quod
1442 1164 1515 1192 ex-

186 1220 314 1271 pedit
357 1222 524 1262 multos
564 1222 775 1262 incidisse
812 1222 860 1261 iu
893 1223 1040 1262 multa
1072 1225 1261 1274 peccata
1293 1222 1516 1269 enormia,

192 1292 240 1329 ut
272 1291 570 1344 exemplificat
601 1293 655 1333 de
685 1292 829 1332 Petro.
881 1292 942 1332 Et
987 1297 1124 1345 patet
1156 1291 1286 1345 quod
1316 1304 1410 1331 non
1445 1296 1518 1331 est

139 1359 325 1402 15color
374 1361 503 1413 quod
542 1360 581 1401 si
622 1374 699 1401 res
731 1360 885 1414 prosit
924 1360 1127 1401 ecclesie
1165 1366 1277 1401 tunc
1316 1374 1410 1401 non
1445 1365 1519 1400 est

193 1428 496 1483 destruenda,
531 1437 723 1484 oportet
755 1430 877 1471 enim
909 1436 1162 1484 peccatum
1189 1430 1422 1484 prodesse
1447 1443 1517 1470 ec-

193 1499 349 1552 clesie,
394 1501 480 1541 sed
510 1501 618 1542 talia
648 1514 736 1555 per
768 1501 985 1542 accidens
1018 1506 1232 1555 prosunt,
1278 1500 1345 1541 sic
1390 1501 1518 1554 quod

191 1568 281 1609 illis
327 1571 492 1612 ablatis
543 1585 639 1612 non
682 1571 834 1612 minus
880 1571 1065 1611 aliunde
1108 1571 1380 1624 insurgeret
1412 1583 1516 1624 pro-

190 1638 344 1680 fectus
378 1641 592 1693 ecclesie,
637 1642 746 1695 quia
790 1642 922 1682 aliter
956 1641 1158 1695 quilibet
1189 1641 1377 1682 foveret
1407 1654 1516 1694 pec-

136 1728 177 1750 20
194 1714 359 1762 catum,
391 1724 500 1764 ymo
525 1717 702 1765 ageret,
729 1717 777 1752 ut
800 1712 1094 1765 dampnetur,
1119 1711 1226 1764 quia
1248 1717 1359 1752 tunc
1379 1711 1517 1751 Deus

192 1786 355 1832 preter
385 1780 505 1821 istos
540 1782 819 1835 dampnatos
851 1782 1140 1835 produceret
1170 1786 1345 1821 tantam
1370 1781 1516 1820 eccle-

195 1848 309 1889 siam
356 1857 578 1904 quantam
619 1851 893 1892 eternaliter
926 1850 1159 1903 diffinivit,
1206 1864 1310 1891 cum
1341 1850 1517 1890 nullum

193 1924 442 1972 peccatum
474 1928 639 1975 potest
669 1928 849 1963 mutare
882 1921 1089 1962 divinum
1116 1920 1417 1975 propositum
1439 1921 1517 1961 vel

193 1990 363 2031 tollere
427 1991 623 2046 gloriam
689 1992 936 2046 spirituum
998 1993 1266 2039 beatorum;
1331 1995 1379 2031 et
1438 1989 1518 2030 isti

139 2068 178 2101 25
196 2060 433 2114 dampnati
465 2062 694 2103 cederent
723 2061 876 2102 beatis
901 2062 958 2101 ad
991 2060 1225 2114 gaudium,
1263 2073 1357 2114 quo
1383 2059 1519 2100 aliter

196 2130 468 2181 caruissent,
513 2137 565 2172 ut
609 2132 866 2172 deductum
911 2136 985 2172 est
1023 2131 1070 2171 in
1114 2130 1310 2171 materia
1345 2130 1402 2170 de
1436 2143 1516 2169 ne-

197 2200 417 2242 cessitate
461 2201 735 2243 futurorum.
791 2201 913 2242 Ymo
959 2200 1148 2241 videtur
1199 2200 1329 2254 quod
1379 2213 1518 2241 omne

193 2276 444 2323 peccatum
487 2276 669 2312 tantum
720 2272 922 2325 prodest
960 2271 1018 2310 ad
1060 2271 1259 2311 salutem
1299 2268 1515 2318 ecclesie,

196 2340 318 2381 sicut
338 2346 489 2381 toturn
511 2341 727 2382 meritum
751 2340 937 2394 Christi,
971 2340 1079 2394 quia
1102 2352 1239 2381 omne
1268 2345 1518 2393 peccatum

139 2418 180 2450 30
194 2410 306 2451 facit
336 2411 465 2452 unite
497 2417 649 2452 totum
681 2411 952 2465 profectum
986 2410 1202 2462 ecclesie,
1243 2423 1346 2450 cum
1385 2410 1519 2450 aliter

194 2480 353 2533 passio
389 2480 561 2522 Christi
592 2481 822 2522 infinitum
865 2482 972 2534 plus
1016 2480 1273 2534 prodesset
1317 2479 1517 2520 ecclesie

196 2564 333 2603 quam
347 2556 598 2604 peccatum
611 2552 688 2592 vel
702 2551 918 2592 meritum
932 2549 1132 2591 membri
1147 2549 1331 2602 Christi,
1349 2554 1396 2589 et
1414 2562 1517 2589 cum

264 2733 293 2759 4.
317 2723 416 2752 Codd.
431 2725 461 2752 in
477 2732 591 2760 marg:
613 2724 766 2752 Prodesse
780 2725 947 2759 dupliciter
961 2723 1093 2758 capitur.
1171 2722 1215 2750 16.
1237 2721 1337 2749 Codd.
1353 2721 1383 2749 in
1399 2729 1515 2756 marg:

196 2770 356 2799 Peccatum
372 2771 502 2807 prodest
519 2772 644 2799 ecclesie
662 2772 799 2798 mullum.
875 2771 924 2798 26.
946 2770 1063 2797 Coeia:
1086 2770 1255 2797 reductum.

271 2864 320 2886 12.
355 2854 405 2887 Cf.
442 2855 490 2886 De
527 2849 684 2887 Ecclesia
722 2864 800 2896 pag.
840 2853 911 2897 164,
951 2854 1060 2885 Serm.
1094 2853 1132 2894 II,
1170 2852 1242 2892 152,
1283 2853 1349 2894 Op.
1383 2853 1516 2895 Evang.

197 2913 251 2953 III,
284 2912 356 2957 198.

1539 427 1609 459 evil,
1631 429 1723 462 profit
1743 429 1795 456 the

1606 462 1731 490 Cnurch

1559 497 1771 535 accidentally.
