2078 3338
218 282 292 321 152

265 1297 390 1332 Danger
411 1297 445 1324 of

231 1337 392 1367 acceptmg
412 1333 463 1359 the

230 1368 318 1395 office
337 1368 372 1394 of
390 1368 471 1402 Pope

247 1403 328 1430 from
350 1410 460 1438 wrong

275 1438 417 1465 motives.

936 279 1161 320 JOHANle
1188 280 1374 313 WYCLIF
1617 269 1726 326 [CAP.
1747 278 1814 306 vn.

499 395 553 423 ac
583 384 712 423 labor
743 385 1021 436 exprimitur
1051 389 1090 426 et
1120 399 1209 438 per
1232 386 1522 438 profundum
1555 388 1706 428 maris
1736 399 1815 427 ex-

498 457 647 494 trema
668 455 944 506 dampnacio
968 456 1246 508 designatur.
1284 455 1373 508 Qni
1398 457 1543 510 igitnr
1563 458 1626 497 ad
1645 458 1816 497 sancti-

499 525 606 565 tatis
646 525 840 577 speciem
883 526 1099 567 dednctns
1139 528 1207 567 vel
1247 528 1377 567 verbo
1421 531 1589 568 ceteros
1629 528 1820 568 destruit

498 597 566 636 vel
608 596 825 648 exemplo,
869 596 1033 636 melins
1068 596 1271 649 profecto
1302 596 1480 649 fnerat,
1523 601 1572 638 nt
1605 598 1722 638 hnnc
1758 598 1820 637 ad

498 668 693 706 mortem
723 666 805 706 snb
835 667 1035 706 secnlari
1064 667 1219 707 hahitn
1248 671 1432 707 terrena
1464 671 1567 708 acta
1594 669 1818 708 constrin-
1837 671 1853 704 5

494 738 665 788 gerent,
708 747 847 786 qnam
885 737 1003 788 qnod
1038 748 1176 776 sacra
1214 736 1372 788 officia
1407 737 1455 776 in
1492 738 1628 789 cnlpa
1664 737 1822 777 ceteris

499 805 769 845 imitabilem
806 805 1183 856 demonstrarent,
1221 807 1330 858 qnia
1360 807 1590 847 nimirnm
1625 806 1668 846 si
1698 806 1823 846 solns

499 876 680 915 caderet
715 876 832 915 linnc
868 878 1111 927 ntrnmqne
1146 887 1271 928 pena
1309 875 1483 927 inferni
1524 876 1823 916 tollerabilior

500 945 738 985 crnciaret.

559 1014 656 1055 Iste
690 1019 880 1055 sanctus
905 1027 1032 1068 papa
1052 1014 1190 1055 novit
1212 1014 1519 1055 condiciones
1545 1019 1594 1055 et
1614 1014 1823 1068 pericula
1842 1030 1880 1051 10

502 1084 770 1125 adiacencia
800 1098 1033 1138 perverso
1065 1085 1316 1138 preposito
1350 1090 1399 1126 et
1430 1084 1700 1139 specialiter
1723 1084 1822 1125 Ro-

502 1168 640 1195 mano
678 1154 906 1208 pontifici,
946 1168 1049 1194 cum
1086 1161 1334 1208 peccatum
1374 1154 1715 1196 commissionis
1746 1154 1825 1193 vel

504 1224 770 1265 omissionis
800 1224 849 1264 in
880 1224 986 1277 ipso
1018 1224 1144 1265 foret
1176 1225 1446 1265 scandalum
1477 1225 1567 1265 toti
1597 1224 1745 1278 gregi.

559 1294 656 1334 Per
685 1295 777 1335 hoc
807 1300 943 1348 patet
973 1294 1227 1348 responsio
1268 1295 1327 1335 ad
1358 1300 1540 1335 sextam
1572 1294 1823 1346 racionem,

502 1363 549 1404 in
594 1377 686 1417 qua
730 1377 792 1404 ex
835 1364 1043 1405 secunda
1085 1364 1358 1417 piscacione
1389 1364 1523 1405 Petri
1554 1369 1746 1404 notatur
1777 1362 1880 1403 in15

502 1433 609 1487 ipso
660 1433 1012 1487 preeminencia
1055 1434 1312 1487 sepedicta.
1373 1434 1449 1474 Ex
1493 1447 1588 1487 quo
1635 1438 1826 1473 notaret

503 1517 629 1557 papa
653 1517 715 1544 ex
735 1503 1086 1558 preeminencia
1109 1504 1350 1557 dignitatis
1372 1503 1645 1558 periculum,
1669 1502 1825 1543 sciens

505 1576 634 1628 quod
672 1580 865 1615 vocatus
911 1575 969 1615 ad
1012 1575 1106 1615 tale
1150 1574 1359 1614 officium
1403 1587 1465 1614 ex
1509 1586 1711 1627 corpore
1748 1572 1827 1612 vel

504 1644 805 1698 negligencia
854 1644 1046 1699 gravius
1100 1650 1174 1685 est
1224 1644 1561 1697 dampnandus,
1612 1656 1723 1697 ymo
1756 1655 1826 1682 ac-

506 1720 702 1768 ceptans
740 1714 854 1755 illud
893 1714 1100 1755 officium
1130 1714 1238 1767 plus
1270 1720 1471 1768 propter
1506 1713 1827 1767 piscacionem
1843 1729 1884 1750 20

504 1784 654 1825 fastus
699 1790 778 1824 aut
820 1789 1028 1838 questus,
1074 1797 1211 1837 quam
1262 1789 1462 1837 propter
1506 1783 1827 1837 piscacionem

506 1854 756 1895 animarum
800 1854 1130 1894 trahendarum
1174 1853 1232 1893 ad
1268 1853 1379 1894 litus
1430 1852 1681 1893 soliditatis
1721 1866 1826 1907 per-

504 1930 650 1978 petue
693 1924 741 1964 in
786 1923 970 1964 retibus
1021 1923 1151 1976 regis
1198 1923 1383 1973 Christi,
1435 1929 1487 1964 ut
1538 1922 1606 1963 sic
1657 1928 1829 1977 peccat

504 1994 774 2045 mortaliter,
818 1999 871 2034 ut
906 1999 1043 2047 patet
1078 1993 1257 2034 XXIII
1290 2007 1390 2047 cap.
1428 1993 1579 2047 quinti
1614 1993 1734 2041 libri,
1781 1998 1829 2033 et

505 2078 593 2117 per
615 2077 915 2117 consequens
950 2063 1172 2117 quamdiu
1199 2063 1441 2104 duraverit
1460 2062 1566 2103 talis
1589 2062 1828 2103 declinans
1845 2067 1884 2099 25

505 2134 712 2175 intencio
744 2134 791 2174 in
825 2133 1148 2187 occupacione
1170 2133 1329 2173 vocati
1359 2132 1580 2173 beneficii
1612 2132 1827 2172 ecclesia-

507 2204 614 2244 stici
649 2204 726 2244 vel
766 2203 1007 2257 dignitatis
1047 2203 1223 2243 crimen
1262 2202 1459 2256 amplius
1500 2202 1721 2243 continue
1759 2202 1827 2242 in-

507 2273 715 2325 valescit,
745 2273 932 2314 dicente
954 2272 1291 2326 Lyncolniensi
1311 2272 1359 2312 in
1382 2273 1581 2325 quadam
1604 2271 1827 2325 epistola:

506 2344 861 2397 Dispensacione
882 2343 1202 2395 beneficiorum
1215 2343 1420 2395 qnisqnis
1442 2343 1655 2393 abutitur,
1673 2342 1749 2395 qni
1767 2342 1830 2381 ad

507 2415 654 2454 alz'nm
673 2414 824 2465 finem
854 2426 994 2466 qnam
1026 2414 1088 2453 ad
1106 2413 1226 2464 fidei
1257 2415 1297 2453 et
1318 2412 1527 2453 caritatis
1554 2415 1827 2464 angmenta-
1845 2415 1887 2447 30

507 2484 680 2524 cionem
713 2485 871 2524 eadem
902 2485 1057 2525 ntitnr.
1090 2481 1337 2535 Quomodo
1368 2481 1513 2535 igitur
1545 2479 1826 2535 excusatur}

508 2552 795 2593 distribuens
826 2554 953 2593 bona
985 2551 1187 2592 ecclesie
1217 2556 1419 2605 propter
1448 2564 1635 2590 carnem
1656 2551 1733 2590 vel
1764 2550 1829 2590 fa-
1870 2556 1950 2596 199โธ

577 2687 607 2713 4.
629 2678 746 2706 Codd.:
767 2680 916 2706 suaverat
934 2681 967 2705 ut
986 2677 1072 2705 hunc.
1149 2676 1174 2711 5,
1196 2676 1224 2703 6.
1247 2676 1284 2704 B:
1305 2676 1610 2711 constringerentur.
1686 2683 1727 2709 ยน4-
1749 2676 1778 2702 A
1797 2675 1829 2702 in

510 2733 622 2759 marg:
645 2724 691 2751 Ad
712 2723 740 2752 6.
818 2723 865 2752 28.
888 2724 1006 2752 Codd.:
1027 2723 1240 2751 Linconiense.

583 2806 633 2829 10.
662 2796 779 2828 Hussii
807 2796 862 2827 De
900 2795 994 2828 Eccl.
1036 2795 1095 2829 fol.
1142 2794 1338 2826 CCXXIvss.
1412 2802 1468 2835 24.
1502 2794 1552 2826 De
1584 2793 1684 2824 Civili
1725 2793 1827 2824 Domi

510 2855 569 2885 nio
601 2854 654 2896 111,
686 2853 753 2895 485
797 2863 897 2896 seqq.
996 2863 1048 2896 29.
1083 2853 1240 2895 Epistola
1272 2852 1414 2884 Roberti
1443 2852 1663 2883 Grosseteste
1697 2851 1829 2881 directa

510 2912 654 2943 domino
681 2912 822 2954 Hugoni
849 2912 891 2943 de
918 2910 1115 2942 Pateshillis
1141 2910 1195 2942 ed.
1224 2911 1336 2943 Luard
1364 2921 1395 2952 p.
1426 2920 1481 2953 99.
