2078 3338
296 261 309 287 1
320 261 341 286 2
1009 261 1232 294 JOHANNIS
1259 260 1446 294 WYCLIF
1741 244 1848 301 [CAP.
1869 257 1893 285 1.

635 367 754 419 Doc.7
787 368 956 419 consul,
989 367 1177 419 castiga,
1209 368 1377 420 solare,
1404 368 1594 420 remitte,
1615 367 1708 420 fer.
1738 380 1836 417 ora,

579 459 685 513 quia
717 460 784 512 (ut
816 459 991 500 dictum
1015 457 1104 514 est)
1137 463 1343 511 quotquot
1373 463 1636 513 receperunt
1665 459 1894 502 Christum

566 530 667 581 fide
697 528 929 581 formata,
974 530 1096 570 dedit
1138 530 1201 570 eis
1237 533 1504 582 potestatem
1547 531 1612 571 sic
1640 530 1772 581 filios
1808 529 1895 570 Dei

567 599 696 651 fieri,
740 603 792 638 ut
821 598 962 638 liceat
995 597 1060 638 eis
1093 598 1298 652 dirigere
1330 612 1381 639 se
1415 605 1462 640 et
1501 600 1672 640 fratres
1705 611 1817 639 suos
1848 598 1895 638 in

578 667 654 708 via
696 667 844 722 patris
893 667 965 708 sui
999 667 1180 719 Christi,
1226 668 1370 708 eciam
1417 668 1732 722 corripiendo,
1776 667 1928 708 sicut5

337 744 379 772 So
400 744 519 770 secular
579 743 712 791 patet
744 738 908 778 Matth.
942 737 1129 779 XVIII.
1179 737 1321 778 Unde
1366 738 1801 792 correspondenter
1839 738 1896 777 ad
1954 742 1957 744 ’

301 786 407 817 power
427 786 498 814 may
518 778 553 805 be

324 813 525 875 ⁶¹}'1i111'ess'fgksse
579 812 867 860 potestatem
924 806 1211 860 spiritualem
1272 812 1489 861 potestas
1541 807 1765 848 secularis
1824 812 1897 847 est

317 883 537 945 C‘iffiffissnt'hgy
580 877 772 930 duplex,
795 876 977 917 scilicet
1001 876 1149 917 civilis
1174 883 1221 917 et
1244 877 1512 918 communis.
1542 876 1702 918 Civilis
1726 876 1895 917 autori-

332 952 513 1015 {3225ng
579 945 727 987 tativa
759 947 911 986 solum
945 946 1132 989 domino
1162 947 1166 998 Ι
1196 946 1320 987 civili
1354 946 1590 1000 competit,
1623 947 1709 987 sed
1747 945 1896 986 civilis
1939 940 2015 981 164⁸

302 1022 419 1056 private
440 1022 552 1051 affairs-
579 1016 752 1056 vicaria
775 1015 1000 1056 convenit
1020 1015 1207 1057 ballivis
1221 1017 1301 1056 vel
1325 1016 1424 1056 aliis
1448 1015 1726 1070 gerentibus
1742 1015 1896 1056 vicem
1917 1032 1954 1052 10

579 1084 855 1125 secularium
878 1085 1184 1127 dominorum.
1214 1085 1438 1126 Potestas
1462 1090 1616 1126 autem
1639 1084 1894 1126 communis

578 1154 802 1195 secularis
836 1160 909 1195 est
941 1168 1032 1208 qua
1065 1154 1263 1208 quilibet
1292 1161 1460 1209 potest
1492 1155 1750 1195 secundum
1771 1156 1897 1195 bona

576 1229 741 1265 nature
775 1230 822 1265 et
851 1224 1040 1265 fortune
1073 1224 1277 1278 dirigere
1300 1239 1353 1266 se
1378 1231 1426 1266 et
1448 1238 1572 1265 suos.
1604 1224 1666 1265 Et
1689 1224 1754 1265 ita
1776 1223 1898 1264 sicut

575 1295 715 1335 homo
760 1308 852 1334 non
895 1300 1061 1347 potest
1104 1308 1211 1335 esse
1256 1295 1357 1336 sine
1402 1295 1551 1336 anima
1595 1299 1643 1334 et
1677 1306 1895 1346 corpore,

576 1378 666 1405 nec
710 1363 834 1404 filius
877 1364 971 1404 Dei
1015 1364 1269 1417 adoptivus
1313 1366 1413 1405 sine
1458 1364 1597 1405 bonis
1641 1368 1807 1403 nature
1851 1367 1954 1402 et15

328 1439 429 1475 Every
449 1447 520 1467 man
577 1434 751 1488 gracie,
796 1433 864 1474 sic
908 1447 1003 1474 non
1048 1439 1142 1475 stat
1171 1434 1402 1475 viatorem
1447 1447 1555 1475 esse
1598 1432 1689 1473 nisi
1724 1433 1899 1472 habeat

287 1474 670 1545 coffiffgnhggewestam
727 1504 987 1544 secularem
1052 1517 1189 1556 quam
1260 1504 1549 1557 spiritualem
1607 1506 1896 1556 potestatem

308 1544 381 1607 Ἐξ
398 1545 544 1608 ἒέεᾚῖἓῖῗι
579 1586 883 1625 communem,
916 1572 1127 1626 quamvis
1158 1573 1206 1613 in
1236 1572 1494 1614 infantibus
1528 1578 1575 1613 et
1605 1570 1896 1612 morionibus

578 1643 639 1683 sit
679 1642 835 1696 ligata.
890 1641 1155 1695 Spiritualis
1201 1648 1359 1683 autem
1401 1647 1617 1696 potestas
1662 1646 1735 1681 est
1770 1644 1895 1680 utro-

576 1712 721 1765 bique
766 1711 1049 1765 perfeccior,
1104 1713 1190 1752 sed
1234 1717 1283 1752 et
1327 1711 1634 1753 sacerdotalis
1679 1714 1895 1763 potestas
1912 1723 1955 1747 20

578 1781 831 1836 spiritualis
891 1781 1168 1834 superaddit
1233 1781 1523 1835 spiritualem
1590 1792 1894 1822 communem.

309 1856 536 1919 Cljilggnogtfssllm
578 1852 720 1905 Quod
772 1856 927 1891 autem
977 1850 1200 1891 limitatur
1250 1856 1471 1904 potestas
1520 1850 1701 1891 clericis
1753 1861 1897 1902 super

321 1927 526 1996 523&ngng
576 1921 716 1962 bonis
749 1920 845 1961 suis
877 1920 1234 1973 temporalibus,
1275 1921 1459 1961 seclusa
1489 1925 1731 1974 potestate
1764 1932 1894 1959 secu-

575 1992 750 2043 larium,
809 1991 999 2031 videtur
1059 2003 1165 2030 esse
1223 1990 1528 2043 presumpcio
1588 1995 1636 2030 et
1694 1988 1896 2029 avaricia

576 2061 891 2102 sacerdotum.
954 2059 1016 2099 Et
1066 2059 1133 2099 sic
1184 2065 1293 2099 sunt
1344 2059 1581 2112 quotlibet
1637 2057 1895 2099 divisiones
1912 2061 1951 2094 25

576 2130 872 2183 magistrales
904 2134 1210 2182 potestatum,
1256 2141 1372 2181 quas
1405 2128 1652 2169 curiositas
1693 2126 1895 2168 ecclesie

576 2199 829 2251 adinvenit,
872 2204 925 2239 ut
968 2197 1324 2238 archidiaconus
1369 2203 1418 2238 et
1461 2198 1643 2238 electus
1677 2197 1895 2237 dicuntur

573 2271 749 2310 habere
793 2272 1083 2322 potestatem
1127 2266 1483 2314 iurisdiccionis,
1531 2266 1677 2307 eciam
1723 2266 1779 2307 ad
1817 2267 1893 2306 ab·

576 2339 856 2381 solvendum
889 2343 936 2378 et
959 2337 1472 2391 excommunicandum,
1504 2336 1617 2377 licet
1637 2349 1733 2376 non
1753 2336 1893 2375 habe-

576 2415 655 2449 ant
699 2410 756 2448 ad
798 2408 889 2447 hec
934 2411 1224 2459 potestatem
1269 2406 1459 2460 ordinis,
1506 2411 1554 2446 et
1589 2406 1729 2446 talem
1759 2410 1892 2458 pote·
1910 2409 1952 2441 30

576 2483 747 2519 statem
777 2477 823 2517 in
855 2476 960 2516 foro
996 2475 1303 2516 contencioso
1334 2475 1503 2517 dicitur
1529 2476 1695 2529 laycos
1717 2475 1892 2515 habere

577 2561 640 2588 ex
673 2545 1083 2588 commissionibus
1115 2546 1416 2598 prelatorum.

304 2622 484 2658 objections
505 2626 536 2649 10
636 2616 812 2658 Contra
827 2615 951 2656 dicta
967 2615 1025 2655 de
1048 2614 1395 2668 multiplicitate
1416 2613 1670 2668 potestatis
1691 2615 1892 2654 humane

398 2657 449 2684 the

304 2691 541 2754 mffitifflllissagtifn
577 2686 797 2740 arguitur.
841 2684 1045 2725 Videtur
1090 2684 1211 2724 enim
1257 2685 1386 2738 quod
1414 2685 1547 2725 Deus
1591 2697 1686 2725 non
1728 2687 1893 2737 potest

377 2769 486 2790 owers.

355 2769 373 2796 p
645 2818 673 2846 7.
694 2810 717 2837 B
738 2810 768 2837 in
790 2818 907 2845 marg.:
929 2809 1070 2837 Potestas
1090 2810 1251 2837 secularis.
1327 2808 1376 2838 33.
1397 2809 1419 2836 B
1441 2809 1471 2837 in
1492 2817 1607 2844 marg.:
1631 2808 1785 2837 Obieccz'o.

650 2893 675 2914 1.
702 2881 780 2914 Joh.
807 2882 829 2922 I,
861 2892 910 2913 12.
1013 2889 1130 2913 1—20.
1156 2882 1197 2915 V.
1225 2882 1341 2913 Hussii
1371 2881 1463 2923 Opp.
1489 2878 1583 2913 213²&
