2078 3338
269 261 357 289 cAP.
379 250 433 306 vl
661 262 717 293 DE
746 260 1026 292 PoTEsTATE
1053 262 1182 294 PAPE.

270 367 335 410 vel
371 367 571 421 gemmis
615 369 804 406 ornatus
849 366 914 406 vel
956 365 1128 411 sericis,
1174 376 1263 405 non
1301 366 1438 404 tectus
1469 375 1587 404 auro

268 440 335 480 vel
365 440 512 479 vectus
543 448 651 488 equo
684 435 783 476 albo
808 447 886 475 nec
907 435 1103 487 stipatus
1124 434 1269 475 milite
1290 445 1368 473 uec
1388 433 1585 473 circnm-

267 506 567 560 strepentibus
604 505 854 553 ministris;
892 505 1055 556 absque
1091 503 1180 543 hiis
1217 506 1366 543 tamen
1399 502 1590 544 credidit

267 578 381 619 satis
411 588 546 630 posse
577 574 764 627 impleri
793 575 999 614 salutare
1031 574 1317 614 mandatum.
1370 570 1422 612 Si
1453 584 1589 612 amas

236 652 251 683 5
269 660 353 700 me,
379 657 519 699 pasce
550 656 652 685 oves
682 656 822 684 meas.
856 643 911 683 In
941 643 1029 683 hiis
1059 642 1314 684 successisti
1345 653 1434 682 non
1455 640 1588 681 Petro

266 718 346 758 sed
379 715 684 758 Constantino.
728 713 1086 766 Inconsequens
1129 711 1272 765 igitur
1304 711 1429 751 foret
1459 711 1588 764 quod

269 785 483 839 sequitur
515 784 644 837 quod
665 783 712 823 in
734 782 929 836 prelatis
950 781 1109 822 mundi
1132 781 1284 835 gloria
1314 780 1374 822 sit
1402 780 1589 833 sepulta

268 855 365 895 vita
403 852 690 894 edificatoria
718 851 865 893 instar
898 851 1069 892 Christi
1108 856 1155 891 et
1188 850 1509 903 apostolorum
1540 849 1587 889 in

265 925 373 978 ipso
407 922 686 964 abscondita
720 927 767 961 et
800 921 1008 975 undique
1042 919 1348 961 conversacio
1380 932 1589 960 consona

215 1010 253 1030 10
268 1008 322 1034 ac
359 992 652 1033 lucrifactiva
687 991 736 1031 in
774 992 901 1031 clero
937 996 984 1030 et
1021 990 1169 1044 laycis
1203 990 1435 1043 copulata.
1491 987 1589 1029 Sed

269 1064 498 1104 donemus
531 1061 683 1102 autori
713 1060 792 1101 isti
822 1060 1046 1100 iniuriam.
1098 1059 1207 1100 Non
1240 1063 1406 1112 querat
1442 1057 1587 1110 igitur

267 1134 480 1187 prelatus
523 1131 802 1172 mundanam
848 1129 1184 1170 excellenciam
1228 1128 1313 1170 sed
1349 1128 1483 1168 iuxta
1519 1140 1587 1167 re-

268 1204 422 1259 gulam
456 1201 629 1243 Christi
660 1200 1018 1240 inferioritatem
1049 1198 1295 1240 ministerii
1328 1203 1375 1238 et
1402 1198 1587 1251 pacien-

269 1273 384 1314 ciam
401 1278 704 1326 contemptus
736 1270 958 1310 mundani
991 1274 1039 1309 et
1069 1269 1249 1318 iniurie‚
1280 1268 1318 1309 si
1341 1267 1588 1320 contingat

216 1346 468 1397 15propter
517 1342 756 1382 fervorem
807 1339 1056 1380 anhelandi
1102 1339 1297 1380 celestia
1342 1343 1389 1378 et
1434 1342 1586 1378 totum

266 1417 536 1465 reputatum
550 1411 724 1452 mundo
740 1409 1084 1451 inconveniens
1108 1408 1197 1448 erit
1220 1408 1376 1455 dulce;
1402 1412 1449 1447 et
1479 1408 1585 1447 loco

266 1481 488 1522 momenti
530 1481 764 1521 mundane
810 1479 960 1533 glorie
1004 1482 1249 1519 accrescet
1286 1490 1457 1517 nomen
1489 1476 1587 1516 vite

268 1556 316 1591 et
348 1564 547 1604 operum
580 1550 829 1592 sanctitate
863 1554 911 1589 et
942 1548 1071 1601 quod
1093 1552 1168 1588 est
1194 1547 1342 1587 maius
1364 1545 1586 1601 gaudium

269 1626 432 1661 eterna
461 1620 718 1673 inscripcio
751 1619 871 1660 libro
904 1618 1015 1658 vite.

210 1705 251 1725 20
323 1689 464 1730 Unde
506 1689 633 1730 racio
680 1702 823 1743 quare
866 1701 962 1728 non
992 1686 1284 1740 insequimur
1314 1685 1450 1725 istam
1485 1698 1584 1725 sen·

265 1759 467 1800 tenciam
501 1764 575 1800 est
604 1758 870 1808 infidelitas,
905 1770 996 1810 qua
1016 1770 1112 1796 non
1137 1755 1371 1795 credimus
1395 1753 1585 1807 scriptis

266 1834 534 1870 sanctorum
568 1834 615 1869 et
644 1828 818 1868 iudicio
843 1827 1120 1880 sapientum.
1153 1825 1232 1865 Ad
1259 1829 1438 1865 tantum
1463 1823 1584 1863 enirn

264 1898 421 1952 pulvis
452 1899 613 1939 mundi
647 1903 694 1938 et
725 1911 915 1939 suorum
948 1895 1237 1937 sensibilium
1264 1908 1348 1935 nos
1373 1898 1506 1934 cecat
1540 1899 1586 1933 et

266 1969 444 2009 diutina
459 1968 720 2009 delectacio
735 1966 1008 2008 innaturalis
1021 1965 1069 2006 in
1090 1965 1181 2006 illis
1204 1964 1360 2018 sopita
1379 1965 1585 2017 palatum

208 2042 248 2074 25
266 2038 403 2078 animi
446 2037 752 2090 discrasiavit‚
798 2037 928 2090 quod
970 2036 1030 2075 ad
1072 2048 1293 2088 magnum
1330 2033 1404 2074 Ve
1447 2032 1586 2073 nobis

263 2108 397 2148 iuxta
426 2107 718 2148 -vaticinium
771 2106 914 2147 Ysaie
956 2104 1014 2156 V,
1063 2118 1115 2144 20
1169 2103 1365 2144 dicimus
1418 2104 1584 2143 honum

265 2175 465 2227 mallium·
509 2183 557 2217 et
602 2177 668 2218 sic
713 2176 772 2216 de
803 2176 989 2216 illorum
1022 2174 1269 2215 contrariis
1307 2186 1585 2226 perversum

267 2252 341 2288 est
390 2252 603 2288 nostrum
660 2245 882 2286 iudicium
938 2244 1149 2284 maniace
1199 2243 1247 2283 in
1303 2242 1584 2283 contrarium

263 2316 485 2356 iudicium
504 2315 718 2368 racionis,
733 2320 781 2355 et
802 2320 895 2355 tam
916 2313 1048 2354 multi
1065 2326 1119 2353 ac
1141 2312 1298 2367 magni
1317 2311 1586 2351 inciderunt

151 2392 226 2423 1820
264 2386 312 2426 in
342 2386 478 2426 istam
508 2385 702 2435 rabiem,
736 2385 865 2438 quod
895 2383 1039 2424 maior
1063 2396 1174 2436 pars
1203 2380 1208 2436 Ι
1235 2381 1396 2421 mundi
1419 2386 1584 2435 arguet

267 2456 496 2496 docentes
512 2460 559 2495 et
574 2460 820 2496 servantes
840 2454 976 2495 istam
998 2451 1287 2494 sentenciam
1306 2456 1358 2491 ut
1378 2451 1583 2502 insanos,

267 2525 332 2565 sic
365 2525 493 2578 quod
524 2524 803 2578 generalior,
836 2522 1108 2564 accusacior
1124 2527 1171 2561 et
1192 2520 1585 2574 perseverancior

266 2600 339 2636 est
371 2594 647 2646 persecucio
685 2593 733 2634 in
764 2606 944 2647 paucos
978 2593 1207 2632 docentes
1244 2590 1358 2630 licet
1388 2589 1583 2630 remisse

338 2810 365 2833 4.
389 2799 481 2828 Cod.:
503 2800 642 2835 implere.
718 2807 762 2826 21.
785 2798 902 2826 Codd.:
923 2798 1041 2833 scripti.

336 2892 367 2922 4.
392 2882 468 2915 Joh.
493 2883 581 2923 XXI⁷
606 2882 654 2914 15.

1640 1072 1691 1098 laet
1714 1070 1844 1105 prelates

1683 1106 1792 1133 devote

1620 1140 1807 1168 themselves
1830 1142 1860 1165 to

1673 1174 1806 1203 Christ‘s

1637 1210 1753 1238 service
1774 1208 1833 1236 and

1632 1246 1780 1272 welcome
1800 1243 1850 1270 the

1633 1283 1793 1314 contempt
1812 1278 1846 1305 of

1649 1316 1698 1343 the
1718 1314 1828 1341 world.

1645 1711 1701 1739 We
1721 1719 1771 1738 are
1792 1719 1826 1737 so

1603 1746 1725 1774 blinded
1746 1746 1811 1773 that
1832 1754 1877 1772 we

1602 1786 1759 1817 persecute
1780 1782 1869 1807 those

1654 1817 1724 1843 who
1745 1816 1832 1843 teach

1671 1851 1802 1879 Christ's

1662 1886 1810 1914 doctrine.
