2078 3338
220 268 233 294 1
245 268 295 305 92
934 269 1160 300 ιΙΟΗΑΝΝΙΞ
1186 269 1371 301 WYCLIF
1609 259 1716 310 [CAP.
1736 268 1817 296 vm.

504 376 594 415 vnlt
626 378 664 414 et
693 386 857 426 corpns
889 377 927 414 et
948 378 1082 427 capnt
1104 378 1294 414 conatur
1316 375 1526 414 occidere.
1562 374 1675 415 Cum
1699 374 1819 414 enim

502 457 598 484 non
631 444 692 484 sit
715 443 1080 484 communicacio
1105 442 1276 484 Christi
1309 444 1365 483 ad
1387 444 1549 496 Belial,
1584 445 1819 498 quomodo

504 513 688 555 Christo
721 518 813 554 tam
847 512 1107 553 contrarius
1138 513 1186 553 in
1217 513 1314 553 vita
1346 519 1392 552 et
1418 513 1627 553 moribus
1652 514 1739 554 erit
1761 527 1822 553 ex

505 583 603 624 eius
635 583 884 637 participio
909 588 1049 636 caput
1073 582 1303 623 ecclesie?
1338 583 1627 632 Ernhes'cnnt,
1658 582 1821 636 inquit,

505 662 672 706 negare
707 652 952 706 Christum,
984 654 1064 693 hoc
1094 657 1246 693 tamen
1279 653 1433 693 mains
1464 657 1536 704 est,
1568 665 1669 693 cnm
1687 652 1854 695 Clari-5

502 727 622 763 stnm
643 735 731 763 non
748 724 947 763 vidimns
977 724 1056 763 sed
1077 724 1319 775 credimns,
1352 723 1488 763 verba
1516 727 1668 763 antem
1700 725 1823 765 illins

503 794 734 833 nobiscnm
751 796 866 839 snut,
891 793 938 832 in
962 793 1286 846 qnihnsipsnm
1304 802 1535 846 negamus,
1559 800 1824 846 comparate

503 864 652 915 itaque
681 876 758 904 vos
790 863 956 914 Iudeis,
990 864 1060 903 illi
1089 867 1452 916 contempserunt
1479 866 1747 916 pendentem
1776 866 1824 905 in

501 934 638 986 ligno,
671 947 748 974 vos
777 934 1089 987 contempnitis
1119 934 1342 975 sedentem
1375 935 1423 974 in
1455 936 1557 975 celo.

244 997 464 1069 ggffypfflssitgss
561 1003 623 1043 Et
660 1017 720 1043 ne
759 1003 976 1057 pallietur
1006 1004 1143 1044 huius
1175 1004 1451 1058 negacionis
1482 1005 1693 1059 negacio,
1733 1020 1823 1059 que
1845 1024 1882 1044 10

282 1071 313 1098 in
334 1071 421 1100 deed·
504 1072 749 1126 potissime
783 1073 1001 1114 consistit
1031 1073 1076 1113 in
1099 1073 1239 1124 facto,
1273 1075 1565 1115 attendamus
1589 1077 1826 1128 quomodo

505 1142 778 1195 superiores
830 1148 1027 1196 satrape,
1081 1143 1251 1196 quibus
1302 1149 1553 1197 regeretur
1611 1145 1825 1195 ecclesia,

502 1211 813 1252 honorificum
866 1218 1085 1266 reputant
1135 1213 1292 1266 legem
1338 1212 1512 1254 Christi
1561 1213 1824 1267 ignorando

506 1286 842 1335 contempnere
889 1296 972 1323 eos
1005 1283 1084 1337 qui
1115 1283 1194 1336 pie
1223 1283 1392 1323 Volunt
1413 1282 1590 1336 vivere,
1627 1289 1674 1324 et
1704 1285 1827 1338 peri-

506 1352 609 1391 cula
641 1365 816 1398 eorum,
851 1352 973 1393 sicut
1011 1352 1188 1392 debent
1222 1366 1285 1393 ex
1306 1352 1566 1393 Ezechielis
1599 1354 1827 1395 XXXIV
1846 1360 1882 1391 15

505 1420 747 1474 detegere,
782 1421 992 1462 nituntur
1025 1422 1291 1463 omnimode
1326 1422 1561 1474 tribulare,
1587 1429 1639 1464 ut
1671 1430 1825 1465 osten-

505 1490 572 1531 dit
616 1491 913 1545 Augustinus
958 1493 1004 1533 in
1048 1493 1123 1532 De
1154 1492 1330 1533 Verbis
1368 1493 1561 1533 Domini
1600 1493 1826 1535 Sermone

503 1560 793 1602 LXXXIX:
834 1562 1057 1615 taz'sqztis,
1095 1562 1261 1615 inquit,
1301 1575 1373 1603 me
1410 1564 1558 1614 andis,
1597 1564 1745 1617 incipe
1779 1565 1825 1604 in

508 1629 682 1673 Christo
715 1632 874 1684 vivere,
914 1636 952 1672 et
983 1633 1203 1685 probabis
1240 1634 1357 1685 qnod
1388 1633 1500 1679 dico,
1539 1646 1650 1673 nam
1683 1637 1828 1674 cetera

498 1701 722 1754 pericula,
769 1703 822 1741 de
864 1702 1021 1754 qnibns
1063 1702 1320 1755 ApostolnS,
1367 1706 1560 1755 possum
1590 1704 1827 1755 quiescere,
1845 1719 1886 1739 20

498 1771 708 1822 pericula
741 1775 891 1812 antem
925 1772 970 1811 in
991 1772 1137 1824 falsis
1159 1772 1399 1824 fratribns
1429 1785 1566 1824 nsqne
1598 1774 1660 1813 dd
1678 1774 1827 1824 finem

503 1841 643 1880 seculi
676 1842 899 1894 qniescere
936 1854 1025 1882 non
1057 1846 1284 1882 noverunt.
1337 1842 1398 1882 Et
1433 1842 1656 1896 intelligit
1687 1843 1827 1883 modo

506 1910 730 1963 Apostoli
744 1925 832 1964 per
845 1912 990 1952 falsos
1012 1912 1183 1952 fratres
1206 1912 1490 1966 generaliter
1504 1926 1828 1966 quoscumque

504 1980 651 2021 falsos
703 1982 891 2022 nomine
945 1982 1233 2024 christianos.
1295 1982 1605 2023 Redimamus
1662 1982 1825 2036 itaque

504 2056 706 2105 tempus,
742 2058 963 2105 quantum
998 2053 1098 2093 dies
1130 2052 1237 2093 mali
1269 2058 1390 2105 sunt,
1423 2053 1503 2092 hoc
1530 2056 1605 2102 est,
1637 2052 1802 2106 inquit,
1822 2048 1826 2106 Ι
1845 2058 1885 2089 25

504 2124 681 2174 tempns
717 2123 953 2173 redimere,
991 2125 1171 2175 qnando
1210 2124 1377 2175 aliquis
1414 2122 1552 2175 infert
1588 2124 1668 2162 tibi
1703 2125 1829 2165 litem
1869 2132 1950 2171 209a

498 2193 693 2244 perdere
735 2194 1057 2243 snbstdlzcz'am,
1110 2196 1156 2233 nt
1199 2193 1292 2234 Deo
1339 2206 1479 2246 vaces,
1534 2206 1620 2233 non
1664 2194 1825 2236 litibus.

506 2260 637 2313 Quia,
680 2261 880 2314 inquam,
925 2262 1197 2315 superiores
1237 2262 1439 2303 ecclesie
1478 2262 1613 2303 factis
1652 2268 1829 2315 negant

504 2332 625 2371 hanc
655 2332 824 2384 legem,
863 2345 998 2385 quam
1034 2332 1226 2372 Chrisus
1264 2332 1311 2372 in
1343 2346 1456 2372 vase
1489 2345 1575 2372 suo
1608 2332 1827 2385 loquitur,

503 2401 613 2441 ideo
659 2400 812 2440 statim
857 2401 1152 2442 multitudine
1191 2407 1545 2455 persequuntur
1585 2415 1702 2454 eum,
1750 2402 1828 2455 qui
1845 2408 1885 2440 30

504 2470 666 2511 nititur
699 2470 808 2510 dare
839 2470 980 2511 fidem
1011 2471 1058 2511 in
1089 2472 1279 2524 populo,
1314 2472 1442 2524 quod
1468 2471 1561 2525 ipsi
1585 2471 1709 2511 dicte
1730 2472 1829 2524 legi

506 2540 710 2593 apostoli
753 2540 981 2594 precipue
1027 2546 1135 2581 sunt
1186 2541 1385 2592 astricti3
1442 2547 1488 2581 et
1532 2541 1598 2581 sic
1644 2541 1735 2595 ipsi
1780 2546 1828 2581 et

504 2610 637 2650 multi
680 2623 765 2663 per
795 2610 922 2664 ipsos
954 2611 1160 2664 perdunt
1196 2621 1381 2665 tempus
1418 2617 1617 2665 propter
1648 2612 1827 2651 lucrum

574 2780 603 2805 4.
632 2772 684 2799 AB
710 2772 740 2799 in
769 2780 884 2806 marg:
911 2772 1085 2800 Periculum
1103 2770 1263 2808 falsorum
1280 2772 1438 2807 fratr-am.
1514 2780 1562 2806 24.
1585 2772 1636 2799 ΑΒ
1658 2772 1687 2799 in
1710 2781 1825 2808 marg:

505 2817 667 2846 Redimet-e
685 2821 802 2853 lempus
821 2818 896 2853 quid
914 2821 966 2846 εει.
1043 2818 1090 2847 28,
1114 2818 1152 2846 ss:
1173 2819 1300 2846 ecclesie
1320 2819 1412 2845 deest.

582 2901 629 2934 18.
656 2902 740 2934 Ibid.
768 2913 799 2944 p.
827 2901 944 2946 803l4.
