<?xml version="1.0" encoding="UTF-8"?>
<!DOCTYPE html PUBLIC "-//W3C//DTD XHTML 1.0 Transitional//EN"
    "http://www.w3.org/TR/xhtml1/DTD/xhtml1-transitional.dtd">
<html xmlns="http://www.w3.org/1999/xhtml" xml:lang="en" lang="en">
 <head>
  <title>
</title>
<meta http-equiv="Content-Type" content="text/html;charset=utf-8" />
  <meta name='ocr-system' content='tesseract 3.04.00' />
  <meta name='ocr-capabilities' content='ocr_page ocr_carea ocr_par ocr_line ocrx_word'/>
</head>
<body>
  <div class='ocr_page' id='page_1' title='image "./tractatusdepotes00wycl_0283.png"; bbox 0 0 2078 3338; ppageno 0'>
   <div class='ocr_carea' id='block_1_1' title="bbox 103 795 166 827">
    <p class='ocr_par' dir='ltr' id='par_1_1' title="bbox 103 795 166 827">
     <span class='ocr_line' id='line_1_1' title="bbox 103 795 166 827; baseline 0 0"><span class='ocrx_word' id='word_1_1' title='bbox 103 795 166 827; x_wconf 72' lang='grc' dir='ltr'>2ιὸ</span> 
     </span>
    </p>
   </div>
   <div class='ocr_carea' id='block_1_2' title="bbox 219 254 1136 312">
    <p class='ocr_par' dir='ltr' id='par_1_2' title="bbox 219 254 1136 312">
     <span class='ocr_line' id='line_1_2' title="bbox 219 254 1136 312; baseline 0.004 -18"><span class='ocrx_word' id='word_1_2' title='bbox 219 265 307 294; x_wconf 81' lang='lat' dir='ltr'>CAP.</span> <span class='ocrx_word' id='word_1_3' title='bbox 326 254 395 312; x_wconf 64' lang='lat' dir='ltr'>ix]</span> <span class='ocrx_word' id='word_1_4' title='bbox 614 267 673 298; x_wconf 80' lang='lat' dir='ltr'>DE</span> <span class='ocrx_word' id='word_1_5' title='bbox 702 265 979 299; x_wconf 78' lang='lat' dir='ltr'>POTESTATE</span> <span class='ocrx_word' id='word_1_6' title='bbox 1008 265 1136 298; x_wconf 76' lang='lat' dir='ltr'><strong>PAPE.</strong></span> 
     </span>
    </p>
   </div>
   <div class='ocr_carea' id='block_1_3' title="bbox 169 369 1544 2724">
    <p class='ocr_par' dir='ltr' id='par_1_3' title="bbox 169 369 1539 1457">
     <span class='ocr_line' id='line_1_3' title="bbox 218 369 1528 425; baseline -0.004 -11"><span class='ocrx_word' id='word_1_7' title='bbox 218 374 373 414; x_wconf 91' lang='lat' dir='ltr'>Deum</span> <span class='ocrx_word' id='word_1_8' title='bbox 415 371 737 425; x_wconf 77' lang='lat' dir='ltr'>impertinens,</span> <span class='ocrx_word' id='word_1_9' title='bbox 781 371 871 411; x_wconf 90' lang='lat' dir='ltr'>nisi</span> <span class='ocrx_word' id='word_1_10' title='bbox 907 371 1030 411; x_wconf 83' lang='lat' dir='ltr'>forte</span> <span class='ocrx_word' id='word_1_11' title='bbox 1068 383 1156 423; x_wconf 91' lang='lat' dir='ltr'>per</span> <span class='ocrx_word' id='word_1_12' title='bbox 1195 369 1413 410; x_wconf 90' lang='lat' dir='ltr'>accidens</span> <span class='ocrx_word' id='word_1_13' title='bbox 1449 381 1528 408; x_wconf 81' lang='lat' dir='ltr'>ex-</span> 
     </span>
     <span class='ocr_line' id='line_1_4' title="bbox 221 439 1531 495; baseline -0.004 -11"><span class='ocrx_word' id='word_1_14' title='bbox 221 443 436 484; x_wconf 75' lang='lat' dir='ltr'>citaverit</span> <span class='ocrx_word' id='word_1_15' title='bbox 458 441 766 491; x_wconf 74' lang='lat' dir='ltr'>sanctitatem,</span> <span class='ocrx_word' id='word_1_16' title='bbox 799 441 923 481; x_wconf 88' lang='lat' dir='ltr'>unde</span> <span class='ocrx_word' id='word_1_17' title='bbox 953 440 1136 495; x_wconf 81' lang='lat' dir='ltr'>signum</span> <span class='ocrx_word' id='word_1_18' title='bbox 1160 445 1245 490; x_wconf 90' lang='lat' dir='ltr'>est,</span> <span class='ocrx_word' id='word_1_19' title='bbox 1280 440 1406 492; x_wconf 89' lang='lat' dir='ltr'>quod</span> <span class='ocrx_word' id='word_1_20' title='bbox 1430 439 1531 479; x_wconf 90' lang='lat' dir='ltr'>ado-</span> 
     </span>
     <span class='ocr_line' id='line_1_5' title="bbox 218 508 1531 564; baseline -0.004 -11"><span class='ocrx_word' id='word_1_21' title='bbox 218 526 371 553; x_wconf 82' lang='lat' dir='ltr'>ramus</span> <span class='ocrx_word' id='word_1_22' title='bbox 424 511 698 552; x_wconf 84' lang='lat' dir='ltr'>samaritane</span> <span class='ocrx_word' id='word_1_23' title='bbox 752 510 853 551; x_wconf 88' lang='lat' dir='ltr'>sive</span> <span class='ocrx_word' id='word_1_24' title='bbox 904 509 1105 564; x_wconf 88' lang='lat' dir='ltr'>yudaice</span> <span class='ocrx_word' id='word_1_25' title='bbox 1149 515 1383 562; x_wconf 87' lang='lat' dir='ltr'>tamquam</span> <span class='ocrx_word' id='word_1_26' title='bbox 1426 508 1531 548; x_wconf 86' lang='lat' dir='ltr'>irra-</span> 
     </span>
     <span class='ocr_line' id='line_1_6' title="bbox 222 577 1533 633; baseline -0.003 -11"><span class='ocrx_word' id='word_1_27' title='bbox 222 582 400 622; x_wconf 89' lang='lat' dir='ltr'>cionale</span> <span class='ocrx_word' id='word_1_28' title='bbox 447 581 627 631; x_wconf 89' lang='lat' dir='ltr'>animal,</span> <span class='ocrx_word' id='word_1_29' title='bbox 670 585 866 633; x_wconf 87' lang='lat' dir='ltr'>reptans</span> <span class='ocrx_word' id='word_1_30' title='bbox 906 580 1136 633; x_wconf 90' lang='lat' dir='ltr'>depresso</span> <span class='ocrx_word' id='word_1_31' title='bbox 1171 578 1325 632; x_wconf 90' lang='lat' dir='ltr'>capite</span> <span class='ocrx_word' id='word_1_32' title='bbox 1363 577 1533 619; x_wconf 90' lang='lat' dir='ltr'>mentis</span> 
     </span>
     <span class='ocr_line' id='line_1_7' title="bbox 189 647 1533 704; baseline -0.004 -12"><span class='ocrx_word' id='word_1_33' title='bbox 189 655 396 702; x_wconf 76' lang='lat' dir='ltr'>5nostre,</span> <span class='ocrx_word' id='word_1_34' title='bbox 445 650 573 704; x_wconf 89' lang='lat' dir='ltr'>quod</span> <span class='ocrx_word' id='word_1_35' title='bbox 615 656 794 691; x_wconf 88' lang='lat' dir='ltr'>tantum</span> <span class='ocrx_word' id='word_1_36' title='bbox 837 650 942 689; x_wconf 91' lang='lat' dir='ltr'>loca</span> <span class='ocrx_word' id='word_1_37' title='bbox 987 654 1034 690; x_wconf 90' lang='lat' dir='ltr'>et</span> <span class='ocrx_word' id='word_1_38' title='bbox 1066 647 1341 689; x_wconf 84' lang='lat' dir='ltr'>cerimonias</span> <span class='ocrx_word' id='word_1_39' title='bbox 1375 649 1533 688; x_wconf 90' lang='lat' dir='ltr'>obser-</span> 
     </span>
     <span class='ocr_line' id='line_1_8' title="bbox 220 717 1533 767; baseline -0.004 -5"><span class='ocrx_word' id='word_1_40' title='bbox 220 735 395 762; x_wconf 89' lang='lat' dir='ltr'>vamus.</span> <span class='ocrx_word' id='word_1_41' title='bbox 431 720 642 762; x_wconf 92' lang='lat' dir='ltr'>Christus</span> <span class='ocrx_word' id='word_1_42' title='bbox 676 725 827 760; x_wconf 86' lang='lat' dir='ltr'>autem</span> <span class='ocrx_word' id='word_1_43' title='bbox 861 719 917 760; x_wconf 90' lang='lat' dir='ltr'>ad</span> <span class='ocrx_word' id='word_1_44' title='bbox 947 720 1038 759; x_wconf 92' lang='lat' dir='ltr'>hoc</span> <span class='ocrx_word' id='word_1_45' title='bbox 1066 717 1278 759; x_wconf 88' lang='lat' dir='ltr'>ascendit</span> <span class='ocrx_word' id='word_1_46' title='bbox 1299 718 1346 758; x_wconf 93' lang='lat' dir='ltr'>in</span> <span class='ocrx_word' id='word_1_47' title='bbox 1370 718 1533 767; x_wconf 84' lang='lat' dir='ltr'>celum,</span> 
     </span>
     <span class='ocr_line' id='line_1_9' title="bbox 170 787 1534 844; baseline -0.003 -13"><span class='ocrx_word' id='word_1_48' title='bbox 170 794 181 811; x_wconf 69' lang='lat'>¹¹</span> <span class='ocrx_word' id='word_1_49' title='bbox 221 797 272 832; x_wconf 92' lang='lat' dir='ltr'>ut</span> <span class='ocrx_word' id='word_1_50' title='bbox 315 790 718 844; x_wconf 80' lang='lat' dir='ltr'>parvipendentes</span> <span class='ocrx_word' id='word_1_51' title='bbox 752 788 756 843; x_wconf 69' lang='lat' dir='ltr'>l</span> <span class='ocrx_word' id='word_1_52' title='bbox 790 790 878 830; x_wconf 90' lang='lat' dir='ltr'>hec</span> <span class='ocrx_word' id='word_1_53' title='bbox 919 788 1194 842; x_wconf 90' lang='lat' dir='ltr'>temporalia</span> <span class='ocrx_word' id='word_1_54' title='bbox 1228 787 1534 828; x_wconf 86' lang='lat' dir='ltr'>ascendamus</span> 
     </span>
     <span class='ocr_line' id='line_1_10' title="bbox 221 857 1535 914; baseline -0.003 -14"><span class='ocrx_word' id='word_1_55' title='bbox 221 874 308 914; x_wconf 93' lang='lat' dir='ltr'>per</span> <span class='ocrx_word' id='word_1_56' title='bbox 350 860 520 901; x_wconf 90' lang='lat' dir='ltr'>scalam</span> <span class='ocrx_word' id='word_1_57' title='bbox 563 859 788 900; x_wconf 89' lang='lat' dir='ltr'>virtutum</span> <span class='ocrx_word' id='word_1_58' title='bbox 845 860 901 899; x_wconf 92' lang='lat' dir='ltr'>ab</span> <span class='ocrx_word' id='word_1_59' title='bbox 945 858 1047 899; x_wconf 89' lang='lat' dir='ltr'>istis</span> <span class='ocrx_word' id='word_1_60' title='bbox 1107 857 1438 898; x_wconf 88' lang='lat' dir='ltr'>sublunaribus</span> <span class='ocrx_word' id='word_1_61' title='bbox 1488 857 1535 897; x_wconf 92' lang='lat' dir='ltr'>in</span> 
     </span>
     <span class='ocr_line' id='line_1_11' title="bbox 223 927 1534 983; baseline -0.002 -13"><span class='ocrx_word' id='word_1_62' title='bbox 223 930 393 983; x_wconf 89' lang='lat' dir='ltr'>quibus</span> <span class='ocrx_word' id='word_1_63' title='bbox 424 928 659 981; x_wconf 82' lang='lat' dir='ltr'>infigimur</span> <span class='ocrx_word' id='word_1_64' title='bbox 691 929 748 968; x_wconf 88' lang='lat' dir='ltr'>ad</span> <span class='ocrx_word' id='word_1_65' title='bbox 782 928 1038 981; x_wconf 85' lang='lat' dir='ltr'>spiritualia</span> <span class='ocrx_word' id='word_1_66' title='bbox 1064 930 1192 969; x_wconf 88' lang='lat' dir='ltr'>bona</span> <span class='ocrx_word' id='word_1_67' title='bbox 1215 927 1405 968; x_wconf 84' lang='lat' dir='ltr'>celestia</span> <span class='ocrx_word' id='word_1_68' title='bbox 1425 927 1534 967; x_wconf 90' lang='lat' dir='ltr'>fina-</span> 
     </span>
     <span class='ocr_line' id='line_1_12' title="bbox 169 997 1536 1051; baseline -0.001 -15"><span class='ocrx_word' id='word_1_69' title='bbox 169 999 329 1040; x_wconf 86' lang='lat' dir='ltr'>101iter</span> <span class='ocrx_word' id='word_1_70' title='bbox 361 998 634 1040; x_wconf 84' lang='lat' dir='ltr'>affectanda.</span> <span class='ocrx_word' id='word_1_71' title='bbox 685 997 824 1038; x_wconf 88' lang='lat' dir='ltr'>Unde</span> <span class='ocrx_word' id='word_1_72' title='bbox 868 998 1058 1038; x_wconf 88' lang='lat' dir='ltr'>Veritas</span> <span class='ocrx_word' id='word_1_73' title='bbox 1106 998 1536 1051; x_wconf 88' lang='lat' dir='ltr'>cerrespondenter</span> 
     </span>
     <span class='ocr_line' id='line_1_13' title="bbox 224 1065 1536 1121; baseline -0.002 -12"><span class='ocrx_word' id='word_1_74' title='bbox 224 1069 281 1109; x_wconf 86' lang='lat' dir='ltr'>ad</span> <span class='ocrx_word' id='word_1_75' title='bbox 322 1068 464 1109; x_wconf 89' lang='lat' dir='ltr'>fidem</span> <span class='ocrx_word' id='word_1_76' title='bbox 507 1067 728 1118; x_wconf 89' lang='lat' dir='ltr'>mulieris,</span> <span class='ocrx_word' id='word_1_77' title='bbox 774 1081 865 1121; x_wconf 92' lang='lat' dir='ltr'>qua</span> <span class='ocrx_word' id='word_1_78' title='bbox 907 1080 1020 1108; x_wconf 91' lang='lat' dir='ltr'>vere</span> <span class='ocrx_word' id='word_1_79' title='bbox 1067 1067 1266 1107; x_wconf 88' lang='lat' dir='ltr'>credidit</span> <span class='ocrx_word' id='word_1_80' title='bbox 1303 1065 1536 1108; x_wconf 86' lang='lat' dir='ltr'>Christum</span> 
     </span>
     <span class='ocr_line' id='line_1_14' title="bbox 225 1136 1538 1192; baseline -0.002 -13"><span class='ocrx_word' id='word_1_81' title='bbox 225 1151 329 1179; x_wconf 89' lang='lat' dir='ltr'>esse</span> <span class='ocrx_word' id='word_1_82' title='bbox 362 1138 657 1192; x_wconf 90' lang='lat' dir='ltr'>prophetam,</span> <span class='ocrx_word' id='word_1_83' title='bbox 695 1137 846 1190; x_wconf 90' lang='lat' dir='ltr'>ipsam</span> <span class='ocrx_word' id='word_1_84' title='bbox 880 1136 1151 1190; x_wconf 86' lang='lat' dir='ltr'>alloquitur:</span> <span class='ocrx_word' id='word_1_85' title='bbox 1189 1137 1375 1187; x_wconf 83' lang='lat' dir='ltr'>Mulier,</span> <span class='ocrx_word' id='word_1_86' title='bbox 1409 1137 1538 1177; x_wconf 74' lang='lat' dir='ltr'>crede</span> 
     </span>
     <span class='ocr_line' id='line_1_15' title="bbox 223 1205 1539 1262; baseline -0.002 -14"><span class='ocrx_word' id='word_1_87' title='bbox 223 1209 372 1262; x_wconf 76' lang='lat' dir='ltr'>michi,</span> <span class='ocrx_word' id='word_1_88' title='bbox 406 1207 539 1261; x_wconf 89' lang='lat' dir='ltr'>quasi</span> <span class='ocrx_word' id='word_1_89' title='bbox 568 1206 748 1248; x_wconf 89' lang='lat' dir='ltr'>diceret</span> <span class='ocrx_word' id='word_1_90' title='bbox 769 1212 968 1261; x_wconf 88' lang='lat' dir='ltr'>propter</span> <span class='ocrx_word' id='word_1_91' title='bbox 993 1205 1407 1260; x_wconf 87' lang='lat' dir='ltr'>imperfeccionem</span> <span class='ocrx_word' id='word_1_92' title='bbox 1427 1205 1539 1246; x_wconf 88' lang='lat' dir='ltr'>fidei</span> 
     </span>
     <span class='ocr_line' id='line_1_16' title="bbox 225 1275 1536 1331; baseline -0.002 -13"><span class='ocrx_word' id='word_1_93' title='bbox 225 1291 275 1318; x_wconf 90' lang='lat' dir='ltr'>es</span> <span class='ocrx_word' id='word_1_94' title='bbox 306 1278 451 1331; x_wconf 84' lang='lat' dir='ltr'>longe</span> <span class='ocrx_word' id='word_1_95' title='bbox 485 1290 509 1317; x_wconf 91' lang='lat' dir='ltr'>a</span> <span class='ocrx_word' id='word_1_96' title='bbox 532 1290 722 1330; x_wconf 91' lang='lat' dir='ltr'>sponsa,</span> <span class='ocrx_word' id='word_1_97' title='bbox 756 1277 842 1317; x_wconf 81' lang='lat' dir='ltr'>sed</span> <span class='ocrx_word' id='word_1_98' title='bbox 875 1290 979 1317; x_wconf 89' lang='lat' dir='ltr'>cum</span> <span class='ocrx_word' id='word_1_99' title='bbox 1012 1277 1138 1318; x_wconf 89' lang='lat' dir='ltr'>salus</span> <span class='ocrx_word' id='word_1_100' title='bbox 1164 1289 1225 1316; x_wconf 80' lang='lat' dir='ltr'>ex</span> <span class='ocrx_word' id='word_1_101' title='bbox 1246 1275 1427 1316; x_wconf 87' lang='lat' dir='ltr'>Yudeis</span> <span class='ocrx_word' id='word_1_102' title='bbox 1452 1280 1536 1325; x_wconf 91' lang='lat' dir='ltr'>est,</span> 
     </span>
     <span class='ocr_line' id='line_1_17' title="bbox 171 1345 1536 1401; baseline 0 -17"><span class='ocrx_word' id='word_1_103' title='bbox 171 1353 207 1386; x_wconf 78' lang='lat'>15</span> <span class='ocrx_word' id='word_1_104' title='bbox 225 1351 418 1401; x_wconf 85' lang='lat' dir='ltr'>oportet</span> <span class='ocrx_word' id='word_1_105' title='bbox 449 1347 571 1399; x_wconf 90' lang='lat' dir='ltr'>quod</span> <span class='ocrx_word' id='word_1_106' title='bbox 593 1346 640 1386; x_wconf 91' lang='lat' dir='ltr'>in</span> <span class='ocrx_word' id='word_1_107' title='bbox 655 1346 958 1387; x_wconf 84' lang='lat' dir='ltr'>fundamento</span> <span class='ocrx_word' id='word_1_108' title='bbox 989 1347 1117 1387; x_wconf 82' lang='lat' dir='ltr'>scale</span> <span class='ocrx_word' id='word_1_109' title='bbox 1142 1345 1305 1386; x_wconf 91' lang='lat' dir='ltr'>orandi</span> <span class='ocrx_word' id='word_1_110' title='bbox 1327 1349 1536 1386; x_wconf 89' lang='lat' dir='ltr'>statuens</span> 
     </span>
     <span class='ocr_line' id='line_1_18' title="bbox 223 1414 1177 1457; baseline -0.001 -1"><span class='ocrx_word' id='word_1_111' title='bbox 223 1416 309 1457; x_wconf 91' lang='lat' dir='ltr'>tibi</span> <span class='ocrx_word' id='word_1_112' title='bbox 341 1415 654 1456; x_wconf 85' lang='lat' dir='ltr'>substanciam</span> <span class='ocrx_word' id='word_1_113' title='bbox 686 1415 797 1455; x_wconf 90' lang='lat' dir='ltr'>fidei</span> <span class='ocrx_word' id='word_1_114' title='bbox 829 1416 996 1456; x_wconf 86' lang='lat' dir='ltr'>credas</span> <span class='ocrx_word' id='word_1_115' title='bbox 1028 1414 1177 1456; x_wconf 90' lang='lat' dir='ltr'>michi.</span> 
     </span>
    </p>

    <p class='ocr_par' dir='ltr' id='par_1_4' title="bbox 226 1484 1540 1678">
     <span class='ocr_line' id='line_1_19' title="bbox 282 1484 1539 1538; baseline -0.002 -12"><span class='ocrx_word' id='word_1_116' title='bbox 282 1486 336 1526; x_wconf 85' lang='lat' dir='ltr'>In</span> <span class='ocrx_word' id='word_1_117' title='bbox 380 1485 482 1526; x_wconf 84' lang='lat' dir='ltr'>istis</span> <span class='ocrx_word' id='word_1_118' title='bbox 525 1485 668 1538; x_wconf 84' lang='lat' dir='ltr'>igitur</span> <span class='ocrx_word' id='word_1_119' title='bbox 711 1484 1010 1538; x_wconf 84' lang='lat' dir='ltr'>ymaginibus</span> <span class='ocrx_word' id='word_1_120' title='bbox 1052 1491 1099 1525; x_wconf 92' lang='lat' dir='ltr'>et</span> <span class='ocrx_word' id='word_1_121' title='bbox 1135 1484 1396 1525; x_wconf 85' lang='lat' dir='ltr'>fantasticis</span> <span class='ocrx_word' id='word_1_122' title='bbox 1429 1488 1539 1537; x_wconf 92' lang='lat' dir='ltr'>post</span> 
     </span>
     <span class='ocr_line' id='line_1_20' title="bbox 226 1554 1540 1596; baseline -0.002 0"><span class='ocrx_word' id='word_1_123' title='bbox 226 1555 524 1596; x_wconf 88' lang='lat' dir='ltr'>dotacionem</span> <span class='ocrx_word' id='word_1_124' title='bbox 571 1560 618 1595; x_wconf 93' lang='lat' dir='ltr'>et</span> <span class='ocrx_word' id='word_1_125' title='bbox 663 1555 933 1595; x_wconf 84' lang='lat' dir='ltr'>affeccionis</span> <span class='ocrx_word' id='word_1_126' title='bbox 978 1555 1337 1595; x_wconf 85' lang='lat' dir='ltr'>subversionem</span> <span class='ocrx_word' id='word_1_127' title='bbox 1378 1554 1540 1594; x_wconf 90' lang='lat' dir='ltr'>delusa</span> 
     </span>
     <span class='ocr_line' id='line_1_21' title="bbox 226 1622 1539 1678; baseline -0.002 -13"><span class='ocrx_word' id='word_1_128' title='bbox 226 1630 299 1665; x_wconf 92' lang='lat' dir='ltr'>est</span> <span class='ocrx_word' id='word_1_129' title='bbox 344 1624 546 1665; x_wconf 86' lang='lat' dir='ltr'>ecclesia</span> <span class='ocrx_word' id='word_1_130' title='bbox 588 1624 635 1664; x_wconf 90' lang='lat' dir='ltr'>in</span> <span class='ocrx_word' id='word_1_131' title='bbox 677 1638 846 1678; x_wconf 91' lang='lat' dir='ltr'>penam</span> <span class='ocrx_word' id='word_1_132' title='bbox 891 1624 1076 1678; x_wconf 90' lang='lat' dir='ltr'>peccati</span> <span class='ocrx_word' id='word_1_133' title='bbox 1114 1630 1162 1665; x_wconf 93' lang='lat' dir='ltr'>et</span> <span class='ocrx_word' id='word_1_134' title='bbox 1193 1623 1462 1678; x_wconf 89' lang='lat' dir='ltr'>specialiter</span> <span class='ocrx_word' id='word_1_135' title='bbox 1491 1622 1539 1662; x_wconf 92' lang='lat' dir='ltr'>in</span> 
     </span>
    </p>

    <p class='ocr_par' dir='ltr' id='par_1_5' title="bbox 169 1693 1541 2028">
     <span class='ocr_line' id='line_1_22' title="bbox 169 1693 1535 1748; baseline -0.002 -13"><span class='ocrx_word' id='word_1_136' title='bbox 169 1710 210 1732; x_wconf 82' lang='lat'>20</span> <span class='ocrx_word' id='word_1_137' title='bbox 226 1694 558 1736; x_wconf 87' lang='lat' dir='ltr'>constituendo</span> <span class='ocrx_word' id='word_1_138' title='bbox 599 1694 688 1734; x_wconf 88' lang='lat' dir='ltr'>sibi</span> <span class='ocrx_word' id='word_1_139' title='bbox 725 1694 989 1748; x_wconf 88' lang='lat' dir='ltr'>principem</span> <span class='ocrx_word' id='word_1_140' title='bbox 1022 1700 1256 1748; x_wconf 89' lang='lat' dir='ltr'>tamquam</span> <span class='ocrx_word' id='word_1_141' title='bbox 1290 1693 1535 1734; x_wconf 84' lang='lat' dir='ltr'>Christum.</span> 
     </span>
     <span class='ocr_line' id='line_1_23' title="bbox 224 1762 1540 1818; baseline -0.002 -13"><span class='ocrx_word' id='word_1_142' title='bbox 224 1765 286 1805; x_wconf 86' lang='lat' dir='ltr'>Et</span> <span class='ocrx_word' id='word_1_143' title='bbox 317 1764 383 1805; x_wconf 87' lang='lat' dir='ltr'>sic</span> <span class='ocrx_word' id='word_1_144' title='bbox 417 1777 518 1804; x_wconf 91' lang='lat' dir='ltr'>cum</span> <span class='ocrx_word' id='word_1_145' title='bbox 551 1764 904 1818; x_wconf 87' lang='lat' dir='ltr'>protestacione</span> <span class='ocrx_word' id='word_1_146' title='bbox 927 1764 1144 1818; x_wconf 90' lang='lat' dir='ltr'>predicta</span> <span class='ocrx_word' id='word_1_147' title='bbox 1178 1763 1394 1818; x_wconf 73' lang='lat' dir='ltr'>intelligo</span> <span class='ocrx_word' id='word_1_148' title='bbox 1426 1762 1540 1803; x_wconf 87' lang='lat' dir='ltr'>illud</span> 
     </span>
     <span class='ocr_line' id='line_1_24' title="bbox 224 1834 1536 1888; baseline -0.002 -13"><span class='ocrx_word' id='word_1_149' title='bbox 224 1835 389 1876; x_wconf 87' lang='lat' dir='ltr'>Matth.</span> <span class='ocrx_word' id='word_1_150' title='bbox 422 1834 610 1884; x_wconf 83' lang='lat' dir='ltr'>XXIV,</span> <span class='ocrx_word' id='word_1_151' title='bbox 649 1847 715 1885; x_wconf 86' lang='lat'>15:</span> <span class='ocrx_word' id='word_1_152' title='bbox 765 1834 880 1877; x_wconf 78' lang='lat' dir='ltr'>Cum</span> <span class='ocrx_word' id='word_1_153' title='bbox 916 1835 1059 1888; x_wconf 76' lang='lat' dir='ltr'>igitur</span> <span class='ocrx_word' id='word_1_154' title='bbox 1091 1835 1294 1876; x_wconf 77' lang='lat' dir='ltr'>videritis</span> <span class='ocrx_word' id='word_1_155' title='bbox 1331 1834 1536 1874; x_wconf 71' lang='lat' dir='ltr'>abhomi-</span> 
     </span>
     <span class='ocr_line' id='line_1_25' title="bbox 225 1903 1541 1957; baseline -0.002 -12"><span class='ocrx_word' id='word_1_156' title='bbox 225 1906 460 1946; x_wconf 73' lang='lat' dir='ltr'>nacionem</span> <span class='ocrx_word' id='word_1_157' title='bbox 513 1905 822 1953; x_wconf 78' lang='lat' dir='ltr'>desolacionis,</span> <span class='ocrx_word' id='word_1_158' title='bbox 873 1916 955 1957; x_wconf 76' lang='lat' dir='ltr'>qne</span> <span class='ocrx_word' id='word_1_159' title='bbox 1006 1905 1125 1945; x_wconf 76' lang='lat' dir='ltr'>dicta</span> <span class='ocrx_word' id='word_1_160' title='bbox 1172 1907 1234 1945; x_wconf 77' lang='lat' dir='ltr'>est</span> <span class='ocrx_word' id='word_1_161' title='bbox 1277 1916 1307 1944; x_wconf 73' lang='lat' dir='ltr'>a</span> <span class='ocrx_word' id='word_1_162' title='bbox 1349 1903 1541 1943; x_wconf 74' lang='lat' dir='ltr'>Daniele</span> 
     </span>
     <span class='ocr_line' id='line_1_26' title="bbox 223 1973 1540 2028; baseline -0.002 -13"><span class='ocrx_word' id='word_1_163' title='bbox 223 1975 456 2028; x_wconf 75' lang='lat' dir='ltr'>propheta,</span> <span class='ocrx_word' id='word_1_164' title='bbox 479 1977 673 2015; x_wconf 76' lang='lat' dir='ltr'>stantem</span> <span class='ocrx_word' id='word_1_165' title='bbox 696 1974 743 2014; x_wconf 76' lang='lat' dir='ltr'>in</span> <span class='ocrx_word' id='word_1_166' title='bbox 758 1975 850 2014; x_wconf 81' lang='lat' dir='ltr'>loco</span> <span class='ocrx_word' id='word_1_167' title='bbox 873 1977 1039 2020; x_wconf 71' lang='lat' dir='ltr'>sancto,</span> <span class='ocrx_word' id='word_1_168' title='bbox 1072 1974 1150 2026; x_wconf 77' lang='lat' dir='ltr'>qui</span> <span class='ocrx_word' id='word_1_169' title='bbox 1170 1974 1275 2026; x_wconf 76' lang='lat' dir='ltr'>legit</span> <span class='ocrx_word' id='word_1_170' title='bbox 1305 1973 1540 2025; x_wconf 76' lang='lat' dir='ltr'>intelligat.</span> 
     </span>
    </p>

    <p class='ocr_par' dir='ltr' id='par_1_6' title="bbox 171 2042 1544 2363">
     <span class='ocr_line' id='line_1_27' title="bbox 171 2042 1541 2085; baseline -0.002 0"><span class='ocrx_word' id='word_1_171' title='bbox 171 2047 210 2079; x_wconf 78' lang='lat'>25</span> <span class='ocrx_word' id='word_1_172' title='bbox 227 2044 382 2085; x_wconf 89' lang='lat' dir='ltr'>Locus</span> <span class='ocrx_word' id='word_1_173' title='bbox 427 2049 580 2085; x_wconf 91' lang='lat' dir='ltr'>autem</span> <span class='ocrx_word' id='word_1_174' title='bbox 625 2049 812 2084; x_wconf 90' lang='lat' dir='ltr'>sanctus</span> <span class='ocrx_word' id='word_1_175' title='bbox 845 2043 1034 2084; x_wconf 89' lang='lat' dir='ltr'>videtur</span> <span class='ocrx_word' id='word_1_176' title='bbox 1076 2042 1215 2083; x_wconf 90' lang='lat' dir='ltr'>michi</span> <span class='ocrx_word' id='word_1_177' title='bbox 1254 2055 1358 2084; x_wconf 89' lang='lat' dir='ltr'>esse</span> <span class='ocrx_word' id='word_1_178' title='bbox 1392 2046 1541 2083; x_wconf 88' lang='lat' dir='ltr'>status</span> 
     </span>
     <span class='ocr_line' id='line_1_28' title="bbox 228 2112 1541 2167; baseline -0.002 -13"><span class='ocrx_word' id='word_1_179' title='bbox 228 2119 431 2165; x_wconf 90' lang='lat' dir='ltr'>sanctus,</span> <span class='ocrx_word' id='word_1_180' title='bbox 456 2127 595 2167; x_wconf 91' lang='lat' dir='ltr'>quem</span> <span class='ocrx_word' id='word_1_181' title='bbox 617 2126 740 2166; x_wconf 90' lang='lat' dir='ltr'>papa</span> <span class='ocrx_word' id='word_1_182' title='bbox 766 2112 999 2163; x_wconf 88' lang='lat' dir='ltr'>vendicat,</span> <span class='ocrx_word' id='word_1_183' title='bbox 1026 2112 1135 2153; x_wconf 91' lang='lat' dir='ltr'>ideo</span> <span class='ocrx_word' id='word_1_184' title='bbox 1161 2112 1330 2153; x_wconf 90' lang='lat' dir='ltr'>dicitur</span> <span class='ocrx_word' id='word_1_185' title='bbox 1349 2114 1541 2153; x_wconf 76' lang='lat' dir='ltr'>stantem</span> 
     </span>
     <span class='ocr_line' id='line_1_29' title="bbox 229 2182 1543 2234; baseline 0 -10"><span class='ocrx_word' id='word_1_186' title='bbox 229 2189 276 2224; x_wconf 92' lang='lat' dir='ltr'>et</span> <span class='ocrx_word' id='word_1_187' title='bbox 307 2184 419 2224; x_wconf 87' lang='lat' dir='ltr'>Mar.</span> <span class='ocrx_word' id='word_1_188' title='bbox 451 2183 589 2233; x_wconf 87' lang='lat' dir='ltr'>XIII,</span> <span class='ocrx_word' id='word_1_189' title='bbox 641 2197 687 2234; x_wconf 85' lang='lat'>14</span> <span class='ocrx_word' id='word_1_190' title='bbox 735 2183 904 2224; x_wconf 86' lang='lat' dir='ltr'>dicitur</span> <span class='ocrx_word' id='word_1_191' title='bbox 934 2186 1140 2233; x_wconf 75' lang='lat' dir='ltr'>stantem,</span> <span class='ocrx_word' id='word_1_192' title='bbox 1185 2183 1261 2223; x_wconf 74' lang='lat' dir='ltr'>uhi</span> <span class='ocrx_word' id='word_1_193' title='bbox 1291 2195 1379 2223; x_wconf 74' lang='lat' dir='ltr'>uon</span> <span class='ocrx_word' id='word_1_194' title='bbox 1411 2182 1543 2224; x_wconf 76' lang='lat' dir='ltr'>debet.</span> 
     </span>
     <span class='ocr_line' id='line_1_30' title="bbox 227 2251 1544 2305; baseline -0.003 -11"><span class='ocrx_word' id='word_1_195' title='bbox 227 2253 433 2303; x_wconf 84' lang='lat' dir='ltr'>Revera,</span> <span class='ocrx_word' id='word_1_196' title='bbox 475 2253 604 2305; x_wconf 87' lang='lat' dir='ltr'>quod</span> <span class='ocrx_word' id='word_1_197' title='bbox 635 2253 918 2293; x_wconf 88' lang='lat' dir='ltr'>auctoritate</span> <span class='ocrx_word' id='word_1_198' title='bbox 952 2257 1001 2293; x_wconf 92' lang='lat' dir='ltr'>et</span> <span class='ocrx_word' id='word_1_199' title='bbox 1030 2252 1226 2305; x_wconf 88' lang='lat' dir='ltr'>imperio</span> <span class='ocrx_word' id='word_1_200' title='bbox 1261 2251 1434 2292; x_wconf 89' lang='lat' dir='ltr'>cesaris</span> <span class='ocrx_word' id='word_1_201' title='bbox 1466 2252 1544 2291; x_wconf 93' lang='lat' dir='ltr'>vel</span> 
     </span>
     <span class='ocr_line' id='line_1_31' title="bbox 228 2321 1542 2363; baseline -0.001 -2"><span class='ocrx_word' id='word_1_202' title='bbox 228 2322 343 2363; x_wconf 87' lang='lat' dir='ltr'>falsa</span> <span class='ocrx_word' id='word_1_203' title='bbox 380 2322 622 2362; x_wconf 89' lang='lat' dir='ltr'>eleccione</span> <span class='ocrx_word' id='word_1_204' title='bbox 656 2322 954 2362; x_wconf 90' lang='lat' dir='ltr'>cardinalium</span> <span class='ocrx_word' id='word_1_205' title='bbox 994 2321 1306 2362; x_wconf 86' lang='lat' dir='ltr'>constituatur</span> <span class='ocrx_word' id='word_1_206' title='bbox 1337 2333 1542 2361; x_wconf 92' lang='lat' dir='ltr'>summus</span> 
     </span>
    </p>

    <p class='ocr_par' dir='ltr' id='par_1_7' title="bbox 174 2390 1543 2724">
     <span class='ocr_line' id='line_1_32' title="bbox 174 2390 1543 2441; baseline -0.002 -9"><span class='ocrx_word' id='word_1_207' title='bbox 174 2396 215 2427; x_wconf 70' lang='lat'>30</span> <span class='ocrx_word' id='word_1_208' title='bbox 231 2390 402 2432; x_wconf 86' lang='lat' dir='ltr'>Christi</span> <span class='ocrx_word' id='word_1_209' title='bbox 423 2391 636 2441; x_wconf 86' lang='lat' dir='ltr'>vicarius,</span> <span class='ocrx_word' id='word_1_210' title='bbox 672 2397 743 2432; x_wconf 83' lang='lat' dir='ltr'>est</span> <span class='ocrx_word' id='word_1_211' title='bbox 777 2390 1099 2431; x_wconf 91' lang='lat' dir='ltr'>abhominacio</span> <span class='ocrx_word' id='word_1_212' title='bbox 1131 2391 1178 2431; x_wconf 90' lang='lat' dir='ltr'>in</span> <span class='ocrx_word' id='word_1_213' title='bbox 1206 2392 1460 2439; x_wconf 86' lang='lat' dir='ltr'>abstracto,</span> <span class='ocrx_word' id='word_1_214' title='bbox 1495 2394 1543 2429; x_wconf 87' lang='lat' dir='ltr'>et</span> 
     </span>
     <span class='ocr_line' id='line_1_33' title="bbox 230 2460 1541 2513; baseline -0.001 -13"><span class='ocrx_word' id='word_1_215' title='bbox 230 2460 270 2501; x_wconf 90' lang='lat' dir='ltr'>si</span> <span class='ocrx_word' id='word_1_216' title='bbox 299 2461 465 2501; x_wconf 86' lang='lat' dir='ltr'>fideles</span> <span class='ocrx_word' id='word_1_217' title='bbox 499 2460 647 2501; x_wconf 90' lang='lat' dir='ltr'>anime</span> <span class='ocrx_word' id='word_1_218' title='bbox 680 2460 898 2502; x_wconf 87' lang='lat' dir='ltr'>viderent</span> <span class='ocrx_word' id='word_1_219' title='bbox 931 2461 1052 2501; x_wconf 90' lang='lat' dir='ltr'>clare</span> <span class='ocrx_word' id='word_1_220' title='bbox 1085 2460 1335 2513; x_wconf 86' lang='lat' dir='ltr'>utrobique</span> <span class='ocrx_word' id='word_1_221' title='bbox 1371 2464 1541 2500; x_wconf 88' lang='lat' dir='ltr'>statum</span> 
     </span>
     <span class='ocr_line' id='line_1_34' title="bbox 231 2528 1540 2583; baseline -0.001 -14"><span class='ocrx_word' id='word_1_222' title='bbox 231 2529 518 2583; x_wconf 92' lang='lat' dir='ltr'>spiritualem</span> <span class='ocrx_word' id='word_1_223' title='bbox 552 2530 766 2580; x_wconf 90' lang='lat' dir='ltr'>ecclesie,</span> <span class='ocrx_word' id='word_1_224' title='bbox 801 2531 1039 2583; x_wconf 89' lang='lat' dir='ltr'>quomodo</span> <span class='ocrx_word' id='word_1_225' title='bbox 1075 2530 1260 2570; x_wconf 89' lang='lat' dir='ltr'>solebat</span> <span class='ocrx_word' id='word_1_226' title='bbox 1289 2528 1337 2569; x_wconf 90' lang='lat' dir='ltr'>in</span> <span class='ocrx_word' id='word_1_227' title='bbox 1360 2541 1413 2568; x_wconf 91' lang='lat' dir='ltr'>ea</span> <span class='ocrx_word' id='word_1_228' title='bbox 1434 2541 1540 2582; x_wconf 91' lang='lat' dir='ltr'>pre-</span> 
     </span>
     <span class='ocr_line' id='line_1_35' title="bbox 231 2598 1543 2653; baseline -0.002 -14"><span class='ocrx_word' id='word_1_229' title='bbox 231 2599 385 2640; x_wconf 90' lang='lat' dir='ltr'>sidere</span> <span class='ocrx_word' id='word_1_230' title='bbox 413 2613 533 2640; x_wconf 90' lang='lat' dir='ltr'>unus</span> <span class='ocrx_word' id='word_1_231' title='bbox 563 2600 908 2653; x_wconf 83' lang='lat' dir='ltr'>paterfamilias,</span> <span class='ocrx_word' id='word_1_232' title='bbox 931 2599 1010 2653; x_wconf 93' lang='lat' dir='ltr'>qui</span> <span class='ocrx_word' id='word_1_233' title='bbox 1032 2598 1248 2653; x_wconf 83' lang='lat' dir='ltr'>graciose</span> <span class='ocrx_word' id='word_1_234' title='bbox 1272 2602 1543 2651; x_wconf 88' lang='lat' dir='ltr'>acceptaret</span> 
     </span>
     <span class='ocr_line' id='line_1_36' title="bbox 229 2667 1543 2724; baseline -0.002 -15"><span class='ocrx_word' id='word_1_235' title='bbox 229 2669 488 2720; x_wconf 90' lang='lat' dir='ltr'>invitando,</span> <span class='ocrx_word' id='word_1_236' title='bbox 532 2674 752 2724; x_wconf 89' lang='lat' dir='ltr'>pasceret</span> <span class='ocrx_word' id='word_1_237' title='bbox 787 2669 1050 2709; x_wconf 85' lang='lat' dir='ltr'>refovendo</span> <span class='ocrx_word' id='word_1_238' title='bbox 1092 2674 1233 2721; x_wconf 84' lang='lat' dir='ltr'>atque</span> <span class='ocrx_word' id='word_1_239' title='bbox 1266 2667 1543 2708; x_wconf 87' lang='lat' dir='ltr'>defenderet</span> 
     </span>
    </p>
   </div>
   <div class='ocr_carea' id='block_1_4' title="bbox 230 2802 1542 2932">
    <p class='ocr_par' dir='ltr' id='par_1_8' title="bbox 230 2802 1542 2932">
     <span class='ocr_line' id='line_1_37' title="bbox 302 2802 1542 2839; baseline -0.001 -8"><span class='ocrx_word' id='word_1_240' title='bbox 302 2812 341 2833; x_wconf 74' lang='lat'>11.</span> <span class='ocrx_word' id='word_1_241' title='bbox 363 2804 400 2832; x_wconf 84' lang='lat' dir='ltr'>B:</span> <span class='ocrx_word' id='word_1_242' title='bbox 422 2804 538 2839; x_wconf 82' lang='lat' dir='ltr'>afiae‚·</span> <span class='ocrx_word' id='word_1_243' title='bbox 562 2804 602 2832; x_wconf 92' lang='lat' dir='ltr'>ib.</span> <span class='ocrx_word' id='word_1_244' title='bbox 624 2805 662 2832; x_wconf 88' lang='lat' dir='ltr'>B:</span> <span class='ocrx_word' id='word_1_245' title='bbox 684 2804 832 2832; x_wconf 79' lang='lat' dir='ltr'>creditur.</span> <span class='ocrx_word' id='word_1_246' title='bbox 943 2812 986 2839; x_wconf 82' lang='lat'>14.</span> <span class='ocrx_word' id='word_1_247' title='bbox 1008 2803 1122 2831; x_wconf 88' lang='lat' dir='ltr'>Codd.:</span> <span class='ocrx_word' id='word_1_248' title='bbox 1158 2806 1210 2831; x_wconf 83' lang='lat' dir='ltr'>est.</span> <span class='ocrx_word' id='word_1_249' title='bbox 1320 2812 1369 2831; x_wconf 86' lang='lat'>22.</span> <span class='ocrx_word' id='word_1_250' title='bbox 1391 2802 1490 2831; x_wconf 90' lang='lat' dir='ltr'>Codd.</span> <span class='ocrx_word' id='word_1_251' title='bbox 1512 2803 1542 2830; x_wconf 89' lang='lat' dir='ltr'>in</span> 
     </span>
     <span class='ocr_line' id='line_1_38' title="bbox 231 2848 1538 2886; baseline -0.001 -9"><span class='ocrx_word' id='word_1_252' title='bbox 231 2857 345 2885; x_wconf 60' lang='lat' dir='ltr'>marg:</span> <span class='ocrx_word' id='word_1_253' title='bbox 365 2849 462 2877; x_wconf 82' lang='lat' dir='ltr'>Locus</span> <span class='ocrx_word' id='word_1_254' title='bbox 479 2853 611 2885; x_wconf 74' lang='lat' dir='ltr'>sanctus,</span> <span class='ocrx_word' id='word_1_255' title='bbox 633 2850 663 2878; x_wconf 89' lang='lat' dir='ltr'>in</span> <span class='ocrx_word' id='word_1_256' title='bbox 682 2858 742 2886; x_wconf 86' lang='lat' dir='ltr'>quo</span> <span class='ocrx_word' id='word_1_257' title='bbox 761 2853 826 2878; x_wconf 78' lang='lat' dir='ltr'>stat</span> <span class='ocrx_word' id='word_1_258' title='bbox 844 2850 1061 2878; x_wconf 79' lang='lat' dir='ltr'>abhominacio</span> <span class='ocrx_word' id='word_1_259' title='bbox 1077 2849 1293 2878; x_wconf 79' lang='lat' dir='ltr'>desolacionis.</span> <span class='ocrx_word' id='word_1_260' title='bbox 1369 2848 1416 2878; x_wconf 83' lang='lat'>33.</span> <span class='ocrx_word' id='word_1_261' title='bbox 1439 2848 1538 2877; x_wconf 87' lang='lat' dir='ltr'>Codd.</span> 
     </span>
     <span class='ocr_line' id='line_1_39' title="bbox 230 2896 768 2932; baseline 0 -8"><span class='ocrx_word' id='word_1_262' title='bbox 230 2896 261 2924; x_wconf 89' lang='lat' dir='ltr'>in</span> <span class='ocrx_word' id='word_1_263' title='bbox 282 2904 395 2932; x_wconf 87' lang='lat' dir='ltr'>marg.:</span> <span class='ocrx_word' id='word_1_264' title='bbox 416 2896 651 2932; x_wconf 69' lang='lat' dir='ltr'>Paterfamilias</span> <span class='ocrx_word' id='word_1_265' title='bbox 669 2904 768 2924; x_wconf 80' lang='lat' dir='ltr'>verus.</span> 
     </span>
    </p>
   </div>
   <div class='ocr_carea' id='block_1_5' title="bbox 1736 264 1810 291">
    <p class='ocr_par' dir='ltr' id='par_1_9' title="bbox 1736 264 1810 291">
     <span class='ocr_line' id='line_1_40' title="bbox 1736 264 1810 291; baseline 0 0"><span class='ocrx_word' id='word_1_266' title='bbox 1736 264 1810 291; x_wconf 86' lang='lat'>221</span> 
     </span>
    </p>
   </div>
   <div class='ocr_carea' id='block_1_6' title="bbox 1564 1481 1807 1720">
    <p class='ocr_par' dir='ltr' id='par_1_10' title="bbox 1564 1481 1807 1720">
     <span class='ocr_line' id='line_1_41' title="bbox 1564 1481 1807 1517; baseline -0.004 -8"><span class='ocrx_word' id='word_1_267' title='bbox 1564 1482 1630 1510; x_wconf 83' lang='lat' dir='ltr'>The</span> <span class='ocrx_word' id='word_1_268' title='bbox 1652 1481 1807 1517; x_wconf 68' lang='lat' dir='ltr'>popedon]</span> 
     </span>
     <span class='ocr_line' id='line_1_42' title="bbox 1642 1517 1738 1545; baseline -0.021 0"><span class='ocrx_word' id='word_1_269' title='bbox 1642 1517 1668 1545; x_wconf 85' lang='lat' dir='ltr'>is</span> <span class='ocrx_word' id='word_1_270' title='bbox 1686 1517 1738 1544; x_wconf 73' lang='lat' dir='ltr'>the</span> 
     </span>
     <span class='ocr_line' id='line_1_43' title="bbox 1584 1551 1795 1580; baseline -0.005 -1"><span class='ocrx_word' id='word_1_271' title='bbox 1584 1551 1795 1580; x_wconf 81' lang='lat' dir='ltr'>abomination</span> 
     </span>
     <span class='ocr_line' id='line_1_44' title="bbox 1576 1586 1801 1615; baseline -0.009 0"><span class='ocrx_word' id='word_1_272' title='bbox 1576 1587 1609 1615; x_wconf 87' lang='lat' dir='ltr'>of</span> <span class='ocrx_word' id='word_1_273' title='bbox 1631 1586 1801 1614; x_wconf 75' lang='lat' dir='ltr'>desolation</span> 
     </span>
     <span class='ocr_line' id='line_1_45' title="bbox 1576 1622 1804 1657; baseline -0.004 -8"><span class='ocrx_word' id='word_1_274' title='bbox 1576 1623 1692 1657; x_wconf 84' lang='lat' dir='ltr'>spoken</span> <span class='ocrx_word' id='word_1_275' title='bbox 1714 1622 1749 1649; x_wconf 83' lang='lat' dir='ltr'>of</span> <span class='ocrx_word' id='word_1_276' title='bbox 1766 1622 1804 1656; x_wconf 86' lang='lat' dir='ltr'>by</span> 
     </span>
     <span class='ocr_line' id='line_1_46' title="bbox 1597 1656 1784 1685; baseline -0.016 0"><span class='ocrx_word' id='word_1_277' title='bbox 1597 1657 1703 1685; x_wconf 83' lang='lat' dir='ltr'>Daniel</span> <span class='ocrx_word' id='word_1_278' title='bbox 1726 1656 1784 1683; x_wconf 83' lang='lat' dir='ltr'>and</span> 
     </span>
     <span class='ocr_line' id='line_1_47' title="bbox 1632 1692 1746 1720; baseline -0.018 0"><span class='ocrx_word' id='word_1_279' title='bbox 1632 1692 1746 1720; x_wconf 76' lang='lat' dir='ltr'>Christ.</span> 
     </span>
    </p>
   </div>
  </div>
 </body>
</html>
