2078 3338
222 280 304 319 240

263 741 329 768 The
351 741 446 769 saints

231 777 299 802 who
320 784 458 811 approve

253 812 452 839 endowment

229 853 297 872 now
318 846 411 873 know
429 846 494 873 that

258 880 328 916 they
348 880 447 908 crred.

952 284 1178 317 JOHANNJs
1206 285 1393 318 WYCLIF
1657 272 1766 330 [CAP.
1786 284 1823 312 x.

508 388 726 442 martyrii.
760 388 902 442 Quod
935 389 974 429 si
1006 396 1227 444 queratur
1261 391 1319 431 de
1351 390 1614 444 gravedine
1642 391 1828 445 peccati

510 464 780 500 sanctorum
842 458 1176 513 episcoporum
1219 460 1456 514 primitive
1502 461 1704 502 ecclesie
1750 461 1829 515 qui

510 529 806 569 dotacionem
836 536 1134 582 receperant,
1175 535 1353 570 certum
1392 535 1466 571 est
1503 531 1630 584 quod
1661 544 1827 584 pecca-

506 603 618 639 runt
639 598 850 652 graviter
873 599 960 639 sed
973 599 1224 639 venialiter
1243 613 1304 639 ex
1324 599 1507 653 ingrata
1528 599 1828 654 negligencia

509 674 556 709 et
589 682 837 719 consensu,
870 674 921 709 ut
952 674 1087 723 patet
1120 682 1182 709 ex
1214 670 1408 710 decreto
1432 669 1560 710 beati
1582 670 1828 724 Jeronymi

463 776 480 804 d
506 737 665 790 posito
698 738 745 778 in
767 738 843 779 De
869 738 1260 789 Consecracione‚
1295 738 1607 779 distinccione
1628 738 1691 779 V:
1725 739 1826 780 Non

506 809 804 848 mediocriter.
837 808 899 848 Et
929 809 1019 849 ista
1052 809 1204 849 sciunt
1236 809 1376 849 modo
1402 807 1631 859 Silvestri‚
1664 810 1825 863 Augu-

508 877 630 927 stini,
666 876 889 931 Gregorii
921 885 969 919 et
1002 878 1284 928 consimiles,
1320 878 1400 931 qui
1430 878 1478 918 in
1505 879 1596 918 hoc
1619 879 1827 933 graviter

505 954 843 1000 peccaverunt.
897 946 995 989 Sed
1033 949 1244 989 secundo
1283 950 1489 989 notanda
1528 954 1600 989 est
1638 949 1826 999 cecitas,

508 1030 645 1069 quam
689 1030 806 1071 sepe
849 1018 1043 1072 repecii,
1090 1019 1219 1071 quod
1252 1032 1338 1072 per
1368 1019 1524 1058 locum
1558 1019 1613 1057 ab
1652 1018 1826 1059 insuffi-

508 1086 792 1128 cientissima
824 1087 1124 1129 similitudine
1154 1088 1361 1129 cadimus
1384 1087 1624 1141 paulative
1655 1102 1679 1128 a
1701 1094 1826 1129 statu

507 1157 784 1209 apostolico,
825 1157 905 1210 qui
943 1157 1030 1199 fuit
1062 1163 1212 1199 status
1245 1158 1415 1198 viantis
1438 1158 1824 1212 perfectissimuS,

506 1239 657 1278 usque
703 1227 760 1266 ad
804 1232 975 1268 statum
1021 1228 1134 1268 cleri
1179 1241 1420 1268 cesareum
1460 1228 1539 1282 qui
1571 1233 1645 1268 est
1676 1233 1824 1269 status

507 1295 619 1335 cleri
652 1295 1015 1348 abiectissimus;
1052 1297 1260 1351 capimus
1285 1298 1407 1337 enim
1428 1297 1544 1338 illud
1566 1298 1692 1351 quod
1717 1311 1824 1337 con-

506 1371 642 1406 sonat
678 1373 932 1419 peccatum
969 1367 1016 1407 in
1055 1368 1206 1421 gestis
1241 1373 1507 1409 sanctorum
1540 1373 1738 1421 patrum,
1779 1373 1826 1408 et

503 1435 619 1475 illud
651 1436 965 1488 extendimus,
1000 1438 1085 1477 sed
1117 1437 1230 1477 illud
1264 1437 1393 1490 quod
1439 1443 1576 1477 sonat
1604 1437 1826 1478 virtutem

506 1505 774 1546 omittimus.
810 1506 876 1547 Ut
908 1507 1168 1560 sophistice
1201 1507 1428 1562 arguitur,
1462 1507 1501 1547 si
1533 1506 1646 1549 dicti
1677 1507 1826 1548 sancti

502 1582 793 1629 receperunt
836 1577 1116 1630 temporalia
1160 1577 1558 1631 supereffluenter
1602 1591 1662 1617 ex
1708 1590 1826 1630 pura

504 1645 783 1686 secularium
829 1646 1085 1687 elemosina
1141 1653 1189 1688 et
1231 1652 1380 1688 totum
1425 1647 1664 1687 residuum
1714 1660 1822 1699 pau-

502 1715 698 1768 peribus
744 1722 1012 1769 erogarunt‚
1056 1717 1201 1771 igitur
1244 1731 1332 1770 per
1374 1717 1497 1758 idem
1541 1717 1654 1758 licet
1685 1716 1855 1756 nobis2

505 1791 938 1838 quantumcumque
972 1788 1125 1840 ample
1160 1793 1450 1841 extorquere
1484 1786 1688 1828 dominia
1709 1792 1822 1827 tam-

504 1868 641 1908 quam
674 1856 774 1896 sine
808 1857 1063 1897 elemosina
1096 1858 1374 1899 secularium
1405 1857 1558 1911 primo
1581 1857 1719 1897 nobis
1743 1858 1823 1897 de-

502 1924 613 1975 bita,
660 1931 708 1966 et
739 1926 930 1967 dimisso
966 1940 1127 1967 eorum
1172 1941 1260 1967 usu
1294 1927 1361 1968 eis
1401 1927 1530 1969 abuti
1575 1933 1821 1980 quantum-

505 2008 705 2048 cumque
738 1997 1028 2050 voluptuose
1074 2003 1120 2036 et
1165 1997 1440 2037 seculariter
1485 1999 1822 2038 conversando.

504 2062 583 2104 Sic
618 2065 738 2105 enim
773 2066 1096 2107 concludimus
1119 2066 1167 2106 in
1192 2066 1364 2107 effectu
1399 2073 1458 2115 et,
1494 2067 1820 2120 amplificando

504 2135 688 2188 culpam
728 2149 780 2176 ac
819 2136 1099 2177 dimittendo
1138 2137 1490 2190 perfeccionem
1527 2137 1821 2188 laudabilem,

504 2218 726 2258 augemur
771 2205 984 2246 nimirum
1030 2206 1306 2247 difformiter
1345 2208 1574 2247 ambobus
1606 2207 1821 2260 partibus

500 2274 546 2313 in
590 2275 862 2328 voraginem
907 2276 1149 2316 viciorum.
1206 2276 1322 2316 1deo
1368 2277 1636 2329 perfeccius
1681 2282 1820 2329 atque

501 2344 715 2385 securius
747 2345 872 2386 foret
907 2346 1046 2386 nobis
1079 2351 1244 2387 tenere
1272 2346 1276 2400 l
1304 2345 1474 2386 limites
1520 2359 1636 2399 quos
1686 2347 1820 2386 Deus

499 2413 714 2464 instituit,
762 2415 968 2456 vivendo
1024 2416 1081 2455 de
1133 2415 1339 2465 decimis,
1393 2415 1721 2456 oblacionibus
1775 2421 1853 2456 et3

500 2483 697 2536 privatis
723 2484 1005 2535 elemosinis,
1036 2485 1145 2538 quia
1167 2485 1561 2539 transgrediendo
1593 2485 1819 2526 terminos

503 2566 622 2606 quos
657 2553 871 2594 Christus
903 2554 1106 2596 instituit
1146 2556 1307 2596 damus
1345 2555 1485 2595 nobis
1532 2562 1578 2595 et
1612 2555 1819 2609 posteris

503 2622 796 2664 evidenciam
843 2625 1104 2666 corruendi.
1155 2625 1217 2666 Et
1258 2626 1347 2665 hec
1385 2625 1472 2665 fuit
1506 2638 1645 2665 causa
1677 2638 1818 2678 quare

569 2791 596 2818 7.
613 2784 723 2816 mocio,·
744 2783 861 2812 Codd.:
880 2785 972 2812 modi.
1047 2794 1075 2821 ς).
1099 2785 1199 2812 Codd.
1220 2785 1249 2813 iu
1272 2794 1386 2820 marg:
1415 2785 1617 2813 Dotationem
1638 2785 1820 2821 recipientes

499 2829 601 2856 sancti
619 2831 771 2865 quomodo
790 2834 1009 2865 peccaverunt.
1085 2840 1133 2867 27.
1155 2840 1322 2869 augemur.
1343 2832 1388 2859 Ita
1409 2831 1503 2859 codd.

569 2912 600 2950 6,
629 2913 712 2956 Cap.
739 2914 860 2947 XXIV.

1844 1034 1883 1056 10

1846 1373 1880 1405 15

1839 2073 1878 2105 25

1862 2354 1942 2382 221‘
