2078 3338
302 871 368 899 The
390 881 470 907 pope
489 881 524 900 οι·

284 914 341 941 any
361 908 449 934 other
470 908 540 934 who

311 941 436 969 hindcrs
456 942 516 970 this

334 976 433 1003 action
456 976 481 1003 is

319 1011 500 1039 Antichrist.

324 1696 484 1723 Accursed

306 1738 392 1757 error
414 1731 441 1757 in
463 1732 513 1758 1110

358 1765 461 1793 Gloss,

1000 275 1225 307 ,IOHANNIS
1252 275 1438 307 WYCLIF
1683 265 1791 317 [CAP.
1815 273 1879 301 ΧΠ,

568 379 724 432 cipere
765 379 1023 419 secundum
1061 380 1195 433 leges
1236 379 1412 420 ordinis
1456 379 1690 420 naturalis.
1742 380 1882 420 Unde

567 454 788 502 quantum
822 449 879 488 ad
910 449 1010 490 illas
1043 448 1212 502 viginti
1250 449 1367 490 duas
1407 449 1709 490 condiciones
1741 450 1882 505 regis,

566 531 729 559 omnes
767 523 933 558 sonant
970 518 1196 572 implicite
1237 519 1365 571 quod
1401 531 1490 558 rex
1540 518 1684 559 debet
1722 518 1779 558 ad
1809 532 1882 558 re-

565 587 722 640 gimen
763 587 873 627 cleri
911 587 982 628 sui
1013 588 1163 641 magis
1195 588 1459 634 attendere;
1499 593 1612 628 tunc
1652 587 1772 628 enim
1806 588 1881 628 de-

564 656 714 697 fendit
738 657 997 707 ecclesiam,
1021 670 1231 710 regnum,
1249 657 1413 698 viduas
1430 662 1477 698 et
1498 657 1717 711 pupillos.
1741 656 1882 710 Quod
1899 668 1915 699 5

565 726 603 765 si
627 727 803 766 exaltat
826 732 873 767 et
897 726 1029 767 fovet
1049 726 1272 780 indignos
1296 726 1562 780 episcopos,
1583 726 1882 768 heresiarcha

567 801 613 835 et
645 800 781 835 autor
814 796 885 836 sui
916 795 1139 837 facinoris
1172 801 1245 836 est
1278 796 1555 837 censendus.

624 864 845 906 Secundo
891 871 1025 918 patet
1071 866 1199 919 quod
1239 865 1339 906 sive
1380 866 1623 906 Romanus
1662 865 1882 918 pontifex

565 934 666 974 sive
696 934 977 988 quicumque
1005 935 1123 975 alius
1154 948 1216 975 ex
1244 935 1573 988 presumcione
1604 934 1882 975 infundabili

563 1003 831 1057 impedierit
861 1004 951 1044 hoc
985 1018 1169 1044 sacrum
1200 1004 1329 1059 regis
1362 1004 1581 1055 officium,
1612 1005 1757 1046 habet
1785 1004 1788 1058 ξ
1816 1018 1881 1044 ra-
1922 1016 2002 1048 255·

564 1073 747 1113 cionem
778 1074 974 1114 heretici
1008 1080 1056 1115 et
1086 1074 1281 1128 pessimi
1312 1074 1605 1115 Antichristi.
1649 1074 1789 1115 Patet
1821 1087 1881 1114 ex

562 1144 653 1184 hoc
687 1144 816 1196 quod
848 1144 953 1185 talis
989 1149 1061 1184 est
1095 1144 1306 1197 capitalis
1338 1144 1385 1184 in
1416 1144 1573 1186 heresi
1604 1144 1708 1184 talis
1739 1144 1881 1197 regis,

563 1226 666 1253 nam
698 1226 787 1253 nec
819 1213 990 1255 Petrus
1022 1227 1111 1254 nec
1143 1214 1317 1254 Paulus
1355 1227 1444 1254 nec
1485 1213 1632 1254 eciam
1666 1213 1881 1254 dominus

562 1281 728 1323 Iliesus
768 1282 981 1323 Christus
1024 1284 1168 1323 habet
1211 1288 1501 1336 potestatem
1538 1283 1598 1323 ad
1642 1282 1879 1336 dampnifi-

563 1351 774 1402 candum,
820 1353 905 1392 sed
949 1352 1286 1394 meliorandum
1331 1352 1594 1403 ecclesiam3
1638 1352 1745 1392 ideo
1789 1353 1937 1395 hoc15

561 1426 797 1474 temptans
851 1427 1013 1463 contra
1062 1436 1219 1476 reges,
1274 1422 1353 1475 qui
1405 1428 1514 1462 sunt
1562 1422 1656 1462 Dei
1707 1421 1880 1471 vicarii.

562 1496 765 1544 temptat
809 1491 1038 1545 sacrilege
1085 1497 1250 1532 contra
1288 1498 1496 1533 sanctam
1541 1491 1789 1531 ecclesiam
1834 1496 1882 1530 et

561 1574 648 1613 per
688 1574 987 1614 consequens
1027 1567 1191 1601 contra
1222 1561 1394 1612 Deum3
1435 1561 1579 1601 eciam
1618 1560 1686 1601 sic
1719 1566 1882 1614 potest

561 1629 749 1671 sinistre
781 1630 984 1684 intelligi
1015 1631 1262 1671 maledicta
1292 1632 1454 1686 glossa
1477 1630 1711 1671 ordinaria
1737 1643 1881 1682 super

561 1698 713 1740 XXV
728 1700 977 1752 questione
1000 1699 1114 1740 Sunt
1134 1702 1338 1753 quidam,
1369 1700 1449 1740 ubi
1472 1700 1584 1740 dicit
1606 1700 1734 1753 quod
1756 1712 1881 1752 papa
1898 1720 1938 1741 πο

561 1769 705 1809 habet
731 1774 1019 1823 potestatem
1034 1770 1206 1810 nedum
1239 1770 1543 1823 dispensandi
1566 1774 1728 1810 contra
1749 1769 1879 1821 Apo-

561 1839 733 1879 stolum
777 1840 862 1880 sed
907 1840 1052 1880 eciam
1086 1845 1249 1880 contra
1281 1838 1528 1889 Christum,
1575 1844 1623 1879 et
1665 1844 1776 1879 tunc
1814 1837 1879 1877 in-

560 1908 702 1948 dubie
748 1913 819 1949 est
852 1909 1037 1950 Christo
1084 1909 1342 1949 contrarius
1377 1914 1424 1949 et
1469 1909 1706 1962 pessimus
1745 1906 1878 1948 Anti-

561 1977 775 2020 christus.
810 1978 918 2019 Non
943 1979 1063 2019 enim
1095 1979 1210 2032 fingi
1237 1985 1397 2032 potest
1420 1978 1658 2032 quomodo
1681 1978 1878 2017 haberet

560 2060 584 2087 a
606 2047 711 2088 Deo
744 2048 1013 2101 potenciam
1047 2049 1104 2089 ad
1131 2049 1392 2089 tollendum
1421 2049 1498 2088 vel
1526 2047 1874 2101 impediendum
1893 2057 1932 2089 23

558 2122 845 2170 potestatem
888 2131 1067 2173 regum,
1113 2131 1202 2171 qua
1242 2118 1537 2159 edificaretur
1576 2117 1792 2167 ecclesia;
1839 2116 1877 2155 si

559 2187 679 2227 enim
713 2201 808 2228 non
840 2188 1005 2228 liceret
1048 2188 1152 2240 regi
1179 2201 1350 2241 regere
1386 2201 1519 2228 suum
1550 2188 1738 2236 clerum,
1773 2199 1876 2226 cum

557 2256 634 2296 ille
678 2263 841 2310 potest
883 2263 1034 2297 totum
1072 2257 1311 2297 residuum
1349 2257 1484 2311 regni
1520 2256 1726 2305 inficere,
1766 2268 1875 2309 ymo

556 2326 794 2367 residuum
839 2327 1006 2380 populi
1050 2340 1291 2380 superare,
1337 2327 1448 2367 alias
1493 2340 1588 2366 non
1626 2326 1753 2366 foret
1789 2338 1876 2364 rex

558 2396 694 2448 regni
715 2395 902 2449 integri.
924 2397 983 2437 Et
1006 2397 1088 2446 sic,
1119 2402 1169 2436 ut
1191 2396 1304 2437 dicit
1325 2396 1624 2449 Augustinus
1646 2395 1721 2435 De
1744 2394 1875 2435 Anti·
1892 2405 1933 2437 30

560 2465 735 2506 christo
759 2466 861 2505 XX
882 2467 958 2506 De
975 2465 1177 2506 Civitate
1200 2466 1305 2515 Dei,
1330 2465 1506 2506 XXIV
1522 2464 1742 2518 capitulo,
1764 2463 1872 2516 ipse

559 2535 825 2575 destrueret
857 2540 1072 2588 quartum
1104 2549 1314 2590 regnum.

627 2696 653 2719 Ν.
676 2694 775 2720 Codd.
798 2695 826 2720 in
850 2701 963 2729 marg:
983 2694 1078 2730 Regls
1097 2693 1233 2728 qt'liczum
1253 2694 1420 2729 tmpedzens
1435 2697 1555 2729 peccat.

629 2787 681 2810 20.
709 2777 821 2809 Causa
848 2778 952 2816 XXV,
987 2778 1130 2817 Quaest.
1158 2778 1180 2817 Ι,
1214 2778 1297 2820 Cap.
1318 2779 1373 2810 VI.
1414 2778 1540 2810 Glossa
1566 2778 1639 2810 ord.
1667 2778 1688 2819 Ι,
1723 2788 1754 2819 p.
1787 2784 1871 2818 1347

556 2834 626 2877 (ed.
647 2836 733 2868 Ven.
758 2835 874 2878 1595):
902 2837 995 2878 Papa
1021 2842 1138 2867 utrum
1159 2836 1268 2878 possit
1292 2842 1410 2867 contra
1428 2835 1640 2878 Apostolum
1660 2836 1870 2878 dispensare.

558 2894 610 2926 30.
636 2894 725 2935 Aug.
753 2893 846 2936 Opp.
872 2899 957 2927 tom.
977 2894 1048 2936 Vll,
1074 2893 1152 2925 606.
