2078 3338
269 247 345 297 176

279 636 378 665 Man’s
399 637 526 664 election

274 672 349 699 does
370 676 423 699 not
442 672 530 699 make

278 715 295 734 a
315 715 396 741 pope
415 707 520 734 unless

290 742 358 770 God
381 746 432 769 too
454 743 509 768 has

295 777 410 804 chosen
432 777 506 804 him.

984 259 1209 291 JOHANNIS
1236 260 1423 291 WYCLIF
1660 250 1766 301 [CAP.
1786 259 1870 287 v111.

555 362 736 416 eligunt
767 362 906 403 talem
938 363 982 403 in
1018 377 1244 404 summum
1276 364 1562 417 pontificem,
1594 366 1679 405 sed
1706 365 1752 405 in
1774 366 1874 406 fun-

552 437 745 484 gentem
777 432 858 472 tali
890 432 1062 486 officio,
1103 434 1230 487 quod
1262 447 1354 474 non
1388 433 1501 474 dicit
1539 435 1875 476 excellenciam

553 501 711 553 gracie
746 502 822 541 vel
854 501 942 542 alia
974 502 1229 556 carismata,
1264 517 1354 556 que
1388 509 1497 544 sunt
1528 504 1722 557 propria
1754 505 1876 544 dona

552 570 656 613 Dei.

610 640 751 680 Unde
775 646 889 693 post
904 641 1202 681 dotacionem
1226 647 1335 682 sunt
1349 642 1615 683 elecciones
1636 643 1874 683 hominum
1891 646 1907 678 5

552 709 822 751 introducte
863 716 911 751 et
949 712 1122 751 cadunt
1155 725 1298 764 super
1331 711 1502 765 officio,
1535 713 1765 766 dignitate
1797 714 1875 753 vel

554 780 881 821 dominacione
924 781 1190 822 humanitus
1241 781 1457 823 instituta
1501 787 1548 822 et
1592 796 1687 822 non
1732 797 1875 836 super

553 849 798 890 carismata
830 851 938 891 Deo
962 851 1166 904 propria.
1199 850 1266 891 Ut
1289 852 1596 893 communitas
1630 851 1762 905 eligit
1795 854 1873 893 ho-

551 919 721 959 minem
758 920 805 961 in
843 921 1118 973 pontificem
1159 933 1402 962 cesareum
1440 922 1518 962 vel
1554 922 1875 975 nuncupative

552 989 740 1040 dictum,
775 996 822 1031 et
855 991 920 1032 sic
953 990 1079 1031 cadit
1101 991 1279 1031 eleccio
1302 992 1502 1032 humana
1527 1005 1670 1045 super
1695 992 1874 1045 episco-
1896 1005 1934 1026 10

552 1073 676 1111 pum,
729 1065 781 1100 ut
813 1060 927 1100 dicit
958 1046 1270 1101 communiter
1303 1061 1583 1114 episcopum
1616 1062 1874 1102 secundum

550 1130 905 1182 reputacionem
935 1131 1013 1170 vel
1039 1131 1441 1184 approbacionem
1463 1131 1722 1183 humanam,
1751 1132 1876 1184 quod

550 1199 603 1238 fit
620 1199 781 1252 sepius
800 1213 902 1240 cum
920 1214 1092 1251 errore,
1115 1201 1191 1240 vel
1207 1201 1465 1241 secundum
1481 1200 1875 1241 autorizacionem

552 1268 768 1322 divinam,
823 1271 950 1323 quod
996 1284 1185 1323 semper
1230 1270 1291 1311 sit
1334 1270 1472 1321 iuste,
1516 1271 1642 1310 unde
1687 1271 1874 1324 quando

552 1339 786 1391 contingit
830 1340 959 1392 quod
1004 1340 1181 1380 eleccio
1226 1340 1427 1380 humana
1466 1340 1726 1380 concordat
1771 1344 1932 1380 cum15

552 1408 794 1448 eleccione
828 1409 996 1462 divina,
1029 1415 1141 1450 tunc
1172 1411 1314 1450 homo
1350 1409 1482 1463 eligit
1503 1424 1667 1450 verum
1692 1410 1874 1463 episco-

550 1491 663 1530 pum
697 1483 746 1518 et
777 1492 1003 1519 summum
1037 1480 1325 1532 pontificem,
1365 1479 1487 1520 sicut
1525 1493 1641 1532 sepe
1674 1479 1876 1534 contigit

552 1548 611 1587 de
642 1547 873 1589 Romanis
905 1548 1212 1601 pontificibus
1244 1548 1372 1589 veris
1403 1549 1554 1601 papis.
1593 1548 1655 1588 Et
1687 1549 1874 1602 quando

552 1616 793 1657 discordat
836 1619 893 1657 ab
939 1618 1180 1658 eleccione
1226 1617 1394 1668 divina,
1440 1623 1552 1658 tunc
1593 1618 1726 1671 eligit
1759 1617 1875 1658 false

549 1692 820 1738 reputatum
860 1701 1087 1728 summum
1125 1686 1399 1740 pontificem
1434 1692 1481 1726 et
1511 1700 1607 1726 non
1648 1701 1875 1727 summum
1893 1700 1934 1722 20

551 1756 839 1809 pontificem,
869 1756 873 1809 Ι
901 1757 1013 1797 licet
1045 1757 1243 1797 errando
1276 1756 1392 1797 illud
1425 1756 1690 1798 crediderit.
1735 1756 1875 1797 Unde
1916 1750 1998 1781 205⁸

553 1839 656 1865 cum
677 1826 768 1867 iste
791 1827 1016 1867 terminus
1037 1839 1164 1879 papa
1181 1832 1228 1866 et
1249 1839 1486 1866 summum
1509 1825 1670 1865 dicunt
1692 1826 1875 1867 summi-

552 1900 696 1935 tatem
727 1895 775 1935 in
806 1896 1030 1945 moribus,
1064 1910 1201 1948 quam
1233 1895 1578 1935 mirabilitatem
1612 1894 1757 1936 sOlius
1783 1895 1877 1935 Dei

553 1970 626 2004 est
662 1965 834 2016 facere,
880 1965 1070 2005 videtur
1108 1965 1236 2018 quod
1276 1965 1405 2005 solus
1437 1965 1571 2005 Deus
1624 1964 1755 2017 eligit
1797 1965 1875 2004 ho-

551 2034 722 2074 minem
764 2034 812 2074 in
855 2048 1028 2087 papam
1060 2035 1139 2075 vel
1179 2048 1405 2075 summum
1441 2033 1726 2086 pontificem,
1770 2033 1877 2087 quia
1891 2040 1932 2072 25

552 2116 647 2142 non
681 2103 869 2143 videtur
912 2103 1151 2144 fundabile
1199 2103 1328 2156 quod
1369 2103 1448 2144 isti
1491 2102 1676 2142 termini
1715 2107 1874 2142 exten-

553 2174 721 2213 dantur
751 2175 810 2213 ad
842 2173 960 2214 false
992 2179 1314 2226 nuncupatum
1346 2173 1497 2223 huius,
1529 2172 1637 2225 quia
1669 2172 1736 2213 sic
1766 2173 1874 2226 dya-

551 2244 690 2283 bolus
728 2243 853 2283 foret
890 2257 1097 2284 summus
1135 2242 1366 2296 pontifex.
1417 2241 1688 2294 Episcopus
1721 2247 1875 2281 autem

552 2312 810 2353 secundum
842 2313 1112 2366 apostolum
1137 2317 1209 2353 est
1231 2325 1402 2352 nomen
1425 2311 1569 2352 officii
1592 2316 1639 2351 et
1662 2311 1728 2352 sic
1751 2311 1876 2351 aliud

552 2388 626 2423 est
665 2382 842 2436 eligere
880 2396 1051 2435 papam
1091 2387 1139 2421 et
1175 2381 1300 2422 aliud
1340 2380 1518 2434 eligere
1556 2381 1791 2421 hominem
1827 2380 1875 2420 in
1892 2389 1933 2421 30

550 2467 735 2506 papam,
781 2452 889 2505 quia
933 2452 1140 2493 secunda
1183 2450 1460 2504 proposicio
1500 2450 1708 2503 implicat
1747 2451 1875 2503 quod

552 2523 689 2562 cadat
727 2522 903 2562 eleccio
942 2521 990 2562 in
1021 2527 1260 2575 papatum,
1301 2521 1386 2562 sed
1418 2520 1566 2574 prima
1598 2519 1872 2573 proposicio

551 2592 874 2632 verificaretur
909 2593 968 2632 de
1004 2591 1245 2632 eleccione
1282 2604 1489 2644 persone
1520 2590 1578 2631 ad
1621 2590 1873 2643 quodcum-

552 2676 644 2715 que
678 2661 883 2702 officium
916 2663 993 2702 vel
1025 2661 1386 2715 preposituram,
1421 2665 1472 2700 ut
1502 2660 1710 2713 populus
1743 2658 1876 2713 eligit

622 2854 648 2873 2.
668 2846 752 2873 dicit.
778 2845 916 2872 Rectius:
945 2845 1008 2872 dat.
1086 2853 1128 2878 14.
1156 2844 1194 2871 13:
1213 2843 1256 2877 fil
1282 2843 1368 2870 ius-te.
1445 2842 1482 2869 28
1519 2842 1572 2869 AB
1592 2842 1621 2869 in
1645 2849 1756 2876 marga
1783 2840 1877 2868 Aliud

554 2896 599 2920 est
617 2892 734 2928 eligere
754 2892 905 2919 hominem
925 2892 956 2918 in
974 2899 1090 2926 papam
1112 2894 1140 2918 el
1159 2891 1248 2917 aliud
1266 2890 1384 2926 eligere
1399 2896 1526 2924 papam.
