2078 3338
210 261 298 289 CAP-
326 254 407 305 XII]
608 266 667 297 DE
694 265 974 298 POTESTATE
1001 267 1132 299 ΡΑΡΕ,
1734 274 1812 312 337

209 369 338 409 valet
371 369 499 422 quod
543 382 638 409 non
686 371 906 411 abutatur
937 370 1121 422 femina,
1168 371 1312 425 igitur
1357 372 1523 423 debet3

208 437 463 479 fornicacio
497 439 718 494 (inquam)
754 440 1014 494 corporalis
1053 454 1149 481 non
1189 447 1262 482 est
1291 447 1385 482 tam
1418 441 1525 482 assi-

210 508 312 558 dua,
338 521 440 548 cum
464 513 653 561 oportet
678 509 806 561 quod
831 509 1026 549 carnalis
1041 509 1312 560 fornicacio,
1336 510 1525 562 quando

89 585 171 625 245n
207 583 371 617 natura
404 577 562 618 deficit
595 582 642 618 et
672 577 921 619 invalescit
954 578 1168 629 avaricia,
1197 578 1256 619 sit
1284 578 1288 633 Ι
1319 579 1528 620 extincta

176 655 191 686 5
210 653 256 686 et
288 660 376 700 per
409 660 708 700 consequens
732 652 967 701 tamquam
998 648 1305 689 innaturalior
1338 653 1386 688 et
1409 648 1525 689 diffi-

210 717 341 757 cilior
373 723 445 757 est
477 730 502 757 a
532 717 737 757 Domino
771 718 878 771 plus
911 718 1047 759 odita.
1081 718 1197 758 Ideo
1229 717 1341 758 dicit
1362 719 1526 759 Matth.

207 787 296 838 XI,
331 801 401 838 24:
434 787 546 828 Dico
580 788 713 838 vohis,
746 790 864 840 quod
884 791 1003 828 terre
1026 787 1334 829 Sodomorum
1363 789 1526 829 remis-

207 858 305 898 sius
360 858 445 897 erit
489 858 537 898 in
581 858 652 898 die
689 859 846 898 iudicii
885 871 1024 910 qnam
1057 859 1145 900 tihi.
1199 857 1369 911 Neque
1405 858 1525 898 enim

208 928 428 967 saltamus
474 940 578 967 cum
620 927 715 968 filio
748 927 962 978 hominis,
1006 941 1095 968 nec
1126 928 1389 981 plangimus
1423 941 1526 968 cum
1592 951 1712 978 Instead
1735 951 1769 978 of

156 1015 193 1035 10
207 997 419 1049 Johanne
429 997 660 1050 Baptista,
679 998 778 1048 sed,
800 998 1074 1038 omittentes
1087 998 1345 1038 doctrinam
1356 997 1528 1038 Christi
1541 986 1818 1056 Οϋῑῖζὲἷῇξέῃᾷῗὸ

207 1066 346 1107 nobis
378 1066 563 1107 facilem
611 1080 749 1120 quam
783 1067 1023 1121 expressit
1054 1067 1100 1107 in
1129 1068 1225 1109 vita
1249 1073 1297 1108 et
1317 1067 1526 1109 moribus
1542 1056 1818 1119 {fflffigvcffigffizsgd

209 1141 257 1176 et
307 1137 481 1187 verbis,
535 1136 593 1176 de
646 1136 742 1177 vita
780 1151 992 1191 paupere
1046 1143 1094 1178 et
1137 1137 1527 1191 exproprietaria,
1565 1126 1790 1162 forpayment.

209 1206 447 1260 sequimur
491 1212 682 1247 sanctos
726 1208 943 1248 novellos
989 1221 1188 1261 quorum
1228 1206 1525 1248 canonizacio

208 1275 298 1317 fuit
330 1281 501 1330 empta,
534 1276 648 1317 licet
679 1290 767 1330 pro
800 1277 959 1318 maiori
990 1283 1125 1331 parte
1157 1277 1258 1318 vite
1291 1291 1376 1318 sue
1398 1276 1525 1317 vixe-

155 1354 192 1387 15
207 1352 316 1388 runt
347 1346 656 1396 mendaciter;
692 1352 739 1388 et
762 1346 971 1388 addimus
992 1347 1038 1387 in
1064 1346 1527 1388 commendacionem

208 1422 371 1458 nostre
417 1417 660 1457 sentencie
706 1418 830 1471 quod
876 1431 969 1458 non
1014 1417 1217 1473 legimus
1263 1417 1321 1457 de
1370 1422 1527 1470 patro-

208 1501 376 1528 norum
427 1492 696 1527 nostrorum
747 1486 1092 1540 resipiscencia,
1142 1486 1288 1540 igitur
1332 1499 1528 1539 respon-

211 1559 390 1599 debam.
445 1556 867 1610 Constitueremus,
910 1557 1112 1611 inquam,
1158 1557 1297 1598 nobis
1335 1557 1528 1608 Jhesum

208 1633 459 1681 patronum
484 1632 530 1667 et
549 1628 775 1680 regulam,
798 1628 1139 1681 postponendo
1164 1627 1279 1667 alios
1301 1640 1391 1667 nec
1415 1628 1527 1668 obe—

153 1713 194 1734 20
211 1697 384 1738 diendo
417 1696 507 1737 nisi
537 1698 597 1737 de
627 1703 802 1751 quanto
827 1703 1089 1751 sequuntur
1110 1697 1275 1751 ipsum.
1308 1696 1363 1737 In
1396 1695 1528 1736 cuius

212 1766 618 1808 confirmacionem
651 1766 896 1807 oraciones
929 1772 1129 1818 nostras,
1164 1780 1279 1820 quas
1301 1767 1528 1807 habemus
1587 1787 1646 1815 We
1666 1788 1776 1815 should

210 1838 268 1878 de
302 1837 490 1888 sanctis,
525 1836 824 1891 singulariter
856 1837 913 1877 ad
944 1837 1100 1890 ipsum
1133 1836 1387 1890 dirigimus.
1420 1835 1529 1875 Non
1544 1822 1819 1893 ΠἹῖξῖΓζῗζζὲω

211 1908 481 1948 simulemus
525 1907 667 1962 igitur
710 1906 917 1947 maniace
951 1907 1200 1948 stulticiam
1232 1905 1452 1947 auditorii
1482 1904 1530 1944 in
1545 1893 1722 1964 p,.}{¹e⁶¹,fse{{,
1734 1894 1819 1955 alssm

210 1978 385 2019 nostris
418 1977 730 2029 sermonibus,
764 1977 871 2031 quia
902 1977 1058 2031 ipsum
1080 1977 1289 2031 percipit
1311 1975 1529 2030 sophisti-

153 2053 193 2085 25
212 2048 430 2089 caciones
476 2053 662 2088 nostras
707 2047 924 2088 subtilius
971 2060 1108 2101 quam
1142 2046 1399 2087 sufficimus
1431 2046 1527 2099 pal-

208 2118 333 2160 liare.
377 2117 623 2158 Materiam
670 2117 890 2171 (inquam)
941 2117 1065 2170 fidei,
1118 2131 1210 2171 que
1255 2116 1528 2171 opinionem

211 2187 415 2241 excedit,
439 2187 737 2242 magnificare
753 2187 995 2240 debemus,
1012 2192 1236 2241 quantum
1253 2185 1525 2235 sufficimus,

210 2256 289 2299 Sic
334 2258 479 2312 igitur
522 2257 734 2298 tollendo
779 2256 893 2297 istas
926 2262 1063 2298 notas
1095 2256 1294 2310 perfidie
1327 2256 1386 2296 de
1418 2256 1527 2309 plus

211 2327 459 2369 credendis
490 2327 626 2368 factis
661 2332 709 2367 et
741 2326 878 2367 dictis
910 2327 1047 2367 unius
1080 2325 1324 2380 peccantis
1356 2338 1528 2379 prepo-

155 2404 194 2436 30
210 2398 286 2439 siti
317 2411 454 2452 quam
486 2398 636 2438 verbo
660 2397 738 2437 vel
767 2397 902 2451 operi
924 2397 1072 2448 Jhesu
1102 2396 1266 2447 nostri,
1300 2396 1528 2436 debemus

210 2467 510 2522 singulariter
550 2466 767 2508 doctrine
801 2480 885 2507 sue
922 2466 1183 2517 intendere,
1218 2465 1326 2519 quia
1362 2479 1530 2505 revera

211 2544 284 2579 est
324 2537 527 2578 infidelis
573 2543 619 2578 et
673 2540 847 2577 mundo
894 2542 1120 2590 suspecta
1175 2534 1430 2576 excusacio
1482 2534 1529 2574 in

208 2608 420 2662 peccatis
467 2621 638 2662 capere
683 2607 841 2648 thema
884 2612 1101 2648 nostrum
1140 2606 1199 2646 de
1233 2605 1435 2655 Christo,
1481 2610 1528 2644 et

210 2677 399 2718 dimissa
431 2677 643 2718 doctrina
675 2690 757 2717 sua
788 2676 923 2717 inniti
955 2676 1034 2716 uni
1074 2675 1246 2716 erranti
1276 2674 1525 2729 preposito

153 2747 319 2788 351icet
334 2756 512 2800 sancto,
546 2752 593 2787 et
625 2746 894 2800 specialiter
924 2746 971 2786 in
1003 2745 1091 2786 hiis
1121 2744 1447 2795 mundialibus,
1479 2744 1527 2784 in

284 2904 325 2931 19.
348 2896 464 2924 Codd.=
485 2895 564 2923 alios
584 2899 622 2923 el.

279 2960 320 2983 De
337 2961 486 2984 Potestate
503 2960 588 2987 Papo.
1349 2963 1388 2984 22
