2078 3338
288 993 354 1020 The
375 992 471 1027 priest

263 1034 378 1055 cannot
399 1028 491 1055 know

264 1064 347 1090 what
368 1070 490 1097 powers

314 1100 350 1125 he
372 1099 436 1127 has.

967 268 1191 300 JOHANNIS
1217 268 1401 299 WYCLIF
1655 258 1761 310 [CAP.
1788 266 1838 294 IX.

530 371 642 411 satis
667 377 740 411 est
761 371 871 411 fidei
901 373 948 411 in
979 372 1133 425 ipsum
1156 372 1362 412 credere.
1394 372 1534 412 Unde
1556 372 1839 426 Jeronymus

530 453 777 493 exponens
808 440 924 481 illud
955 441 1118 482 Matth.
1140 441 1276 491 XVI,
1312 454 1385 492 29:
1426 442 1519 492 Tibi
1548 442 1662 482 dabo
1695 443 1841 482 claves

527 510 659 562 regni
688 511 901 562 celorum,
932 510 1061 563 hunc,
1093 510 1257 564 inquit,
1292 512 1440 551 locum
1472 512 1616 563 aliqui
1645 523 1734 551 uon
1764 512 1838 551 iu-

527 579 781 632 tellz'g‘entes,
796 583 983 620 sumunt
996 581 1173 631 aliquid
1186 581 1240 620 de
1251 581 1492 632 supercilio
1501 580 1840 633 phariseorum,

527 652 575 688 ut
606 650 864 701 dampnare
894 650 1105 689 innoxios
1135 651 1201 690 vel
1230 651 1401 690 solvere
1431 662 1478 690 se
1494 653 1650 702 putent
1671 650 1872 700 noxios,5

527 730 630 758 cum
674 718 800 770 apud
843 717 993 759 Deum
1035 730 1125 759 non
1167 719 1391 760 sentencia
1433 720 1720 762 sacerdotum
1762 719 1840 758 sed

529 787 620 827 vita
650 800 837 828 reorum
868 790 1098 840 queratur.
1132 786 1221 829 Sed
1250 789 1364 829 sicut
1389 788 1523 829 Levit.
1548 788 1668 828 XIV
1692 791 1838 828 osten-

528 857 634 897 dere
674 869 722 898 se
770 858 1080 898 sacerdotibus
1126 858 1332 899 iubentur
1383 859 1563 910 leprosi,
1616 870 1723 909 quos
1773 858 1842 897 illi

528 926 725 967 mundos
762 928 829 967 vel
865 928 1068 978 leprosos
1102 939 1190 967 non
1217 927 1417 979 faciunt,
1459 928 1537 968 sed
1570 928 1840 977 discernunt,

527 996 593 1035 ita
625 999 664 1035 et
693 996 775 1036 hic.
837 995 976 1035 Unde
1009 1009 1103 1036 non
1134 995 1275 1036 video
1310 997 1369 1036 de
1403 1010 1496 1050 quo
1529 996 1741 1050 prelatus
1774 995 1840 1035 sic
1861 1015 1899 1036 10

528 1070 697 1117 posset
727 1078 955 1118 pompare
988 1065 1169 1106 inanius
1203 1079 1339 1119 quam
1372 1066 1431 1105 de
1462 1065 1729 1106 huiusmodi
1760 1078 1840 1118 po-

527 1139 713 1185 testate,
747 1134 855 1187 quia
884 1134 1072 1187 ignorat
1096 1135 1134 1175 si
1155 1136 1327 1175 habeat
1356 1135 1554 1188 aliquam
1575 1134 1843 1175 huiusmodi

526 1209 825 1256 potestatem.
847 1203 1043 1259 Ignorat
1064 1204 1104 1244 si
1125 1218 1354 1245 exercens
1377 1210 1665 1258 potestatem
1684 1204 1842 1244 reddit

527 1286 579 1313 se
618 1273 962 1326 dampnabilem
1001 1287 1062 1314 ex
1101 1288 1260 1315 errore
1298 1274 1512 1315 mendaci
1550 1276 1606 1314 ab
1642 1274 1842 1314 ecclesia

526 1342 853 1396 triumphante.
887 1343 1081 1396 Ignorat
1114 1344 1276 1393 tercio,
1310 1344 1349 1384 si
1371 1344 1575 1397 simplex
1598 1343 1840 1385 subiectus
1861 1350 1896 1382 15

527 1425 639 1452 suus
682 1414 827 1453 habet
871 1426 928 1453 eo
968 1413 1310 1466 quantumlibet
1342 1414 1538 1467 amplius
1576 1412 1840 1467 potestatis.

526 1480 642 1521 Ideo
686 1482 879 1523 indubie
923 1483 1229 1523 sacerdotalis
1281 1483 1539 1536 potestatis
1589 1482 1839 1536 pompacio

525 1550 646 1591 fetet
684 1564 842 1592 coram
880 1552 987 1593 Deo
1028 1558 1076 1592 et
1112 1552 1314 1593 homine.
1367 1552 1534 1593 Coram
1572 1553 1695 1602 Deo,
1735 1551 1842 1605 quia

524 1619 590 1660 illi
622 1634 821 1673 quorum
842 1627 1058 1674 potestas
1091 1635 1116 1662 a
1143 1622 1251 1662 Deo
1281 1622 1587 1675 suspenditur
1602 1635 1706 1680 &per
1730 1634 1840 1674 pec-

527 1695 678 1730 catum
723 1691 800 1730 vel
845 1704 906 1731 ex
949 1691 1237 1732 inhabilitate
1284 1704 1521 1744 nunquam
1561 1695 1841 1744 acceperant
1857 1706 1900 1728 20

525 1765 827 1812 potestatem,
860 1760 1109 1801 inmiscent
1140 1760 1188 1801 in
1212 1759 1447 1801 Christum
1469 1773 1700 1814 pompose
1721 1760 1839 1799 blas-

525 1828 701 1882 femias,
731 1829 735 1885 Ι
765 1829 979 1871 dicentes
1012 1843 1064 1870 se
1096 1843 1243 1883 posse
1275 1831 1397 1871 ultra
1427 1831 1518 1870 hoc
1552 1830 1679 1883 quod
1705 1834 1839 1882 pote·
1882 1838 1963 1867 212³

524 1904 634 1939 runt
670 1899 875 1952 apostoli
912 1900 990 1940 vel
1030 1899 1176 1940 eciam
1213 1899 1381 1940 Ihesus
1419 1907 1595 1941 noster.
1645 1899 1842 1939 Addunt

527 1968 672 2008 eciam
715 1968 762 2008 in
804 1969 1129 2022 palliacionem
1169 1982 1254 2009 sue
1297 1969 1515 2009 versucie
1560 1969 1841 2009 horrendam

524 2037 740 2087 heresim,
774 2039 903 2091 quod
929 2039 1062 2079 Deus
1094 2039 1280 2093 pepigit
1314 2052 1432 2081 cum!
1452 2038 1532 2088 eis,
1566 2039 1695 2092 quod
1724 2037 1840 2090 ipsis
1858 2043 1897 2075 25

527 2106 770 2148 assisteret
808 2108 1034 2161 quicquid
1071 2108 1414 2162 pretenderent
1452 2121 1504 2148 se
1542 2109 1731 2148 solvere
1763 2106 1841 2146 vel

524 2176 685 2230 ligare,
720 2190 777 2217 eo
811 2178 941 2230 quod
974 2178 1199 2231 quicquid
1231 2177 1437 2231 apostoli
1467 2177 1554 2218 rite
1583 2177 1841 2217 secundum

527 2246 685 2286 claves
726 2246 929 2287 ecclesie
968 2247 1036 2287 sic
1074 2247 1304 2288 solverint
1335 2248 1412 2287 vel
1448 2246 1712 2300 ligaverint,
1750 2244 1841 2285 Dei

525 2316 804 2356 assistencia
836 2316 1156 2358 confirmabat.

583 2383 682 2426 Sed
714 2399 826 2426 ceca
857 2385 1062 2439 argucia‚
1095 2386 1219 2426 unde
1244 2399 1344 2439 cap.
1369 2385 1444 2426 IX
1476 2399 1538 2426 ex
1565 2384 1839 2425 auctoritate
1857 2392 1898 2424 30

523 2454 651 2496 beati
671 2455 930 2509 Augustini
960 2455 1186 2510 magister
1217 2455 1284 2495 sic
1315 2455 1540 2508 loquitur:
1578 2454 1839 2507 Quodcum-

524 2536 605 2576 que
647 2525 866 2578 ligaveris
906 2537 1050 2577 super
1084 2528 1261 2566 terram
1294 2529 1366 2566 etc.
1397 2526 1476 2565 hoc
1512 2527 1575 2565 est
1606 2532 1684 2577 ego
1717 2524 1841 2564 Deus

597 2691 639 2712 ιο.
660 2683 715 2711 ΑΒ
737 2686 767 2712 in
788 2692 903 2719 marg.:
926 2683 1064 2711 Cluvium
1083 2683 1191 2711 abusio
1212 2686 1243 2711 et
1258 2690 1381 2718 pompa.
1459 2690 1501 2718 ις).
1524 2681 1640 2710 Codd.:
1662 2682 1721 2710 ille.

595 2775 626 2800 2.
653 2768 746 2800 Hier.
775 2767 971 2815 Commeat.
1005 2768 1038 2798 in
1071 2767 1133 2799 Ev.
1167 2765 1286 2799 Matth.
1317 2765 1389 2798 Lib.
1418 2766 1470 2803 ΙΙΙ,
1504 2775 1576 2807 cap.
1609 2765 1691 2807 XVI,
1725 2775 1756 2798 v.
1789 2775 1837 2807 19·

522 2825 641 2867 Migne
666 2824 787 2865 XXVI,
821 2824 893 2858 118.
992 2826 1042 2859 31.
1071 2825 1247 2867 Magister,
1281 2825 1300 2856 i.
1329 2834 1357 2856 e.
1392 2824 1518 2856 Petrus
1546 2822 1735 2855 Lonibard.
1763 2822 1784 2854 l.
1811 2832 1837 2853 c.

525 2893 602 2925 pag.
629 2881 708 2925 887.
724 2908 728 2910 .
