2078 3338
208 270 297 297 CAP.
328 262 408 314 ΧΠ]
607 273 663 303 ΗΕ
693 272 970 303 ΡΟῚἘΞΓΛῚῈ
1005 273 1131 303 ΡΑΡΕ.
1735 264 1815 313 369

266 376 363 417 Sed
395 377 543 417 tercio
578 376 781 417 obicitur
811 389 898 429 per
928 376 1033 425 hoc,
1067 376 1195 429 quod
1218 375 1443 416 Nicolaus
1467 376 1809 447 dei¹ss⁰ss³aidN1³S¹¹ss³ss²QZ

208 447 372 486 ordine
405 446 596 486 fratrum
629 446 863 485 Minorum
897 445 1067 486 dicitur
1104 446 1162 484 de
1196 445 1382 485 comuni
1415 455 1816 525 con-tfflssagggdsssgffid

208 529 350 557 sensu
383 515 682 556 cardinalium
728 520 776 555 et
821 516 934 556 cleri
966 515 1226 565 ordinasse,
1271 515 1401 568 quod
1431 528 1526 554 non
1576 525 1691 563 always
1713 525 1748 551 be
1768 533 1783 551 a

209 585 295 625 erit
318 585 516 638 amplius
538 599 664 638 papa
685 585 775 625 nisi
798 586 856 624 de
880 598 966 625 suo
988 584 1171 635 ordine,
1195 586 1324 637 quod
1337 584 1527 625 videtur
1577 559 1775 587 Franmscan.

175 654 507 704 §racionabilffi
561 668 664 694 cum
715 655 793 694 ille
838 654 899 694 sit
950 660 1100 695 status
1152 653 1526 707 perfectissimus

205 725 414 775 viatoris,
438 730 489 765 ut
511 730 643 777 patet
666 724 712 764 in
729 723 899 765 Sexto:
933 724 1053 765 Exiit
1074 725 1151 776 qui
1170 725 1376 765 seminat.
1411 723 1526 763 Cum

112 802 169 835 ,ἦρα
205 795 349 847 igitur
381 795 458 835 illa
486 794 489 849 Ι
520 795 758 835 ordinacio
793 808 888 835 non
921 800 1087 847 potest
1109 794 1305 835 dissolvi
1331 793 1421 834 nisi
1440 806 1528 846 per

206 865 397 905 fratrem
429 865 657 904 minorem
685 878 869 918 papam,
904 865 1031 918 quod
1052 878 1290 917 nunquam
1312 863 1526 917 contigit,

206 934 395 975 videtur
427 935 557 988 quod
589 935 759 975 abhinc
785 948 881 975 non
909 934 997 975 fuit
1030 935 1198 988 aliquis
1222 947 1364 975 verus
1392 947 1527 987 papa.

154 1023 192 1043 10
264 1004 360 1044 Pro
404 1004 495 1044 isto
542 1010 873 1057 supponuntur
915 1005 1049 1058 leges
1103 1004 1321 1055 ecclesie,
1372 1003 1525 1057 primo
1547 1012 1625 1039 This
1645 1012 1813 1040 ordinance

1542 1055 1598 1074 can
1620 1047 1655 1074 be
1677 1048 1816 1082 repenled

208 1075 339 1127 quod
380 1075 468 1114 hec
513 1073 752 1114 ordinacio
797 1074 885 1114 fuit
927 1074 1096 1125 valida,
1142 1075 1352 1115 secundo
1399 1074 1819 1151 quodfrassgilsycatfflylgaope

205 1143 282 1183 illa
325 1156 421 1183 non
464 1150 629 1197 potest
672 1143 773 1184 tolli
803 1143 892 1184 nisi
929 1157 1016 1197 per
1046 1157 1220 1197 papam
1258 1148 1306 1184 et
1338 1145 1527 1194 clerum,
1573 1152 1784 1214 angffissg‘m

208 1219 255 1253 et
286 1213 436 1254 tercio
470 1214 600 1267 quod
637 1227 871 1270 nunquam
910 1213 957 1253 in
990 1213 1143 1267 aliqua
1180 1215 1366 1267 synodo
1399 1214 1528 1254 tolle·
1606 1197 1758 1256 rebpealed·

205 1284 362 1330 batum
408 1289 520 1323 tunc
559 1283 748 1323 videtur
793 1284 922 1336 quod
959 1289 1197 1336 repugnat
1233 1283 1383 1337 ipsam
1427 1283 1530 1323 tolli

154 1360 189 1392 15
206 1352 296 1394 nisi
323 1367 410 1406 per
437 1366 609 1407 papam
631 1353 824 1393 fratrem
846 1353 1087 1405 minorem,
1121 1353 1233 1406 quia
1263 1358 1366 1394 esto
1401 1354 1529 1407 quod

208 1436 308 1464 cras
340 1423 587 1463 tolleretur
618 1436 705 1476 per
737 1436 908 1476 papam
930 1424 1202 1463 secularem.
1238 1421 1336 1464 Sed
1365 1428 1530 1463 contra

205 1498 441 1545 repugnat
474 1498 629 1533 stante
661 1494 772 1546 lege
810 1492 900 1533 ista
938 1493 1068 1546 quod
1106 1506 1232 1546 papa
1261 1491 1530 1534 huiusmodi

207 1562 268 1603 sit
292 1563 486 1614 electus,
510 1562 656 1616 igitur
676 1568 914 1616 repugnat
934 1562 1124 1616 legibus
1146 1562 1376 1616 predictis
1402 1562 1530 1615 quod

208 1631 448 1672 ordinacio
482 1632 559 1672 illa
590 1632 746 1673 taliter
779 1632 1075 1674 dissolvatur.

150 1719 191 1739 20
267 1701 355 1741 Hic
388 1707 523 1754 patet
555 1703 683 1755 quod
713 1701 915 1742 ecclesia
945 1702 1156 1742 humanis
1189 1700 1528 1742 tradicionibus
1585 1709 1779 1771 ‘12:122ssssoe

205 1771 520 1812 insolubiliter
573 1773 865 1823 cathenatur3
919 1777 966 1812 et
1008 1772 1184 1812 utinam
1232 1785 1328 1812 non
1371 1771 1529 1811 forent
1640 1779 1723 1806 void-

206 1842 340 1894 leges
392 1841 548 1895 alique
602 1842 802 1895 papales
846 1841 997 1881 minus
1061 1841 1322 1881 racionales
1392 1854 1529 1894 quam

209 1916 283 1951 est
324 1910 427 1951 ista.
482 1910 586 1952 Stat
627 1910 772 1964 igitur
816 1910 998 1951 solucio
1041 1910 1089 1951 in
1135 1911 1335 1961 duobus,
1380 1909 1528 1963 primo

209 1981 331 2034 quod
379 1980 628 2022 decretalis
670 1980 776 2021 talis
819 1994 915 2020 non
946 1980 1105 2031 valuit,
1151 1981 1360 2022 secundo
1402 1979 1531 2033 quod

152 2056 191 2088 25
210 2050 400 2092 ordines
452 2056 500 2091 et
553 2050 638 2090 alia
690 2056 983 2091 sacramenta
1025 2055 1232 2104 possunt
1280 2049 1531 2090 ministrari

208 2119 349 2170 licite,
381 2121 509 2160 nullo
542 2133 663 2173 papa
697 2131 891 2160 cesareo
927 2119 1178 2170 existente,
1215 2132 1306 2160 nec
1338 2124 1531 2172 oportet

209 2190 316 2242 plus
340 2189 533 2229 dilatare
555 2188 690 2229 istam
712 2189 963 2231 materiam.
995 2188 1231 2241 Quantum
1255 2189 1312 2228 ad
1332 2188 1531 2229 tercium

209 2264 437 2312 punctum
461 2259 519 2298 de
541 2258 825 2299 necessitate
848 2258 1206 2311 privilegiorum
1230 2263 1277 2298 et
1289 2257 1530 2311 regiminis

213 2328 424 2382 capitalis
466 2328 514 2369 in
545 2328 638 2368 fide
684 2328 926 2381 catholica,
965 2333 1099 2380 patet
1142 2328 1272 2381 quod
1319 2327 1531 2368 Christus

155 2405 197 2437 30
213 2411 317 2438 cum
360 2399 470 2451 Iege
514 2411 597 2437 sua
638 2411 726 2450 per
770 2411 821 2438 se
867 2396 1051 2438 sufficit.
1104 2395 1252 2449 Signa
1292 2401 1446 2436 autern
1480 2401 1532 2436 ut

213 2481 390 2519 cruces,
413 2468 630 2508 baculum
654 2472 702 2507 et
734 2467 909 2518 similia,
943 2480 1035 2520 que
1066 2465 1212 2507 Cesar
1232 2466 1448 2517 instituit,
1480 2471 1532 2505 ut

285 2625 307 2644 1.
329 2616 428 2644 Codd.
450 2616 481 2643 in
503 2624 617 2651 marg:
640 2615 785 2644 Nicolaus
804 2623 887 2651 papa
908 2617 946 2643 de
964 2616 1074 2643 ordine
1093 2615 1251 2643 Minorum
1264 2614 1371 2642 statuit
1390 2617 1424 2642 ut
1434 2616 1532 2642 solum

212 2664 249 2690 de
261 2671 316 2691 suo
341 2663 452 2690 ordine
469 2662 534 2698 fiat
549 2669 645 2697 papa.
741 2670 785 2690 10.
806 2663 851 2690 A:
871 2665 1095 2697 supponentur.
1188 2669 1237 2689 22.
1261 2660 1377 2689 Codd.:
1399 2661 1531 2689 irracio-

212 2710 310 2737 naleS.
400 2711 444 2737 26.
475 2710 496 2736 Β
519 2709 551 2736 in
576 2717 691 2744 marg:
716 2709 850 2736 Sotucz'o.
926 2708 970 2736 31.
1001 2708 1039 2736 B:
1072 2707 1205 2744 suffecit.
1286 2706 1330 2736 31.
1366 2706 1465 2735 Codd.
1499 2707 1530 2734 in

213 2764 326 2791 marg.:
350 2756 492 2791 Insignia
510 2763 592 2790 pape
610 2755 658 2782 vel
676 2755 821 2783 aliorum.

286 2846 313 2871 1.
342 2839 391 2870 De
417 2838 540 2870 ordine
568 2837 715 2869 fratrum
743 2838 930 2871 Minorum.
966 2838 1017 2869 Cf.
1045 2836 1329 2880 Polychronicon
1355 2836 1519 2878 Ranulph

214 2896 352 2939 Higden
378 2896 464 2940 VIII,
492 2895 569 2927 268.
651 2895 683 2927 ὁ.
710 2895 778 2927 Tit.
803 2896 874 2935 XII,
902 2895 985 2939 Cap.
1012 2896 1067 2929 III.

281 2959 324 2983 De
339 2958 490 2983 Potestate
505 2958 590 2986 Papo.
1351 2962 1394 2988 24
