2078 3338
266 273 343 313 252

283 734 520 766 Contradictorv

290 774 461 808 utterances
481 766 516 797 of

332 812 456 832 various

348 848 456 875 popes.

991 276 1215 308 JOHANNIS
1242 276 1429 310 WYCLIF
1697 268 1801 321 [CAP.
1826 276 1862 306 X.

551 384 603 420 ut
626 378 899 433 Gregorius,
933 381 1011 435 qui
1035 381 1244 422 excessit
1266 383 1557 436 decalogum,
1590 384 1667 424 vel
1698 385 1863 426 saltem

551 450 1015 505 pseudocardinales,
1054 451 1133 506 qui
1171 458 1279 493 sunt
1314 452 1456 494 hodie
1496 467 1599 494 curn
1630 453 1865 508 Roberto,

553 520 770 560 dicuntur
814 521 1093 574 dampnasse
1137 527 1370 576 tamquam
1421 523 1559 563 valde
1608 524 1866 565 hereticum

554 590 683 643 quod
716 590 890 631 domini
922 593 1211 645 temporales
1240 598 1443 645 possunt
1471 593 1654 633 auferre
1682 599 1865 647 tempo-

551 659 663 700 ralia
695 662 752 700 ab
788 661 988 701 ecclesia
1021 662 1347 715 delinquente;
1383 668 1429 702 et
1460 668 1616 703 tamen
1647 662 1900 704 Urbanus5

553 735 716 771 noster
754 732 1015 772 succedens
1055 733 1274 772 mercede
1314 732 1542 773 conduxit
1584 734 1868 786 temporales

554 799 767 840 dominos
814 801 871 841 ad
908 801 1256 854 practizandum
1288 801 1412 842 illam
1446 802 1719 843 catholicam
1752 801 1866 842 veri-

553 874 713 920 tatem3
747 869 867 911 sicut
898 870 1028 925 prior
1061 871 1262 912 ecclesia
1294 872 1636 912 commendavit
1660 877 1706 912 et
1727 871 1868 925 privi-

552 938 745 993 legiavit
775 939 1105 993 imperatorem
1140 955 1200 981 ex
1230 942 1336 994 hoc,
1370 942 1499 995 quod
1530 942 1867 996 pseudopapas

555 1009 780 1062 deposuit
824 1016 871 1051 et
904 1016 995 1050 tam
1028 1011 1305 1064 temporalia
1338 1025 1475 1065 quam
1512 1011 1712 1065 insignia
1743 1025 1867 1065 pape
1888 1026 1926 1048 10

555 1079 611 1117 ab
642 1078 731 1119 illis
762 1080 955 1121 abstulit
987 1094 1075 1121 nec
1097 1095 1191 1122 non
1211 1095 1359 1135 papas
1386 1094 1505 1135 quos
1527 1081 1631 1135 ipse
1654 1081 1867 1131 instituit,

554 1149 852 1201 approbavit,
911 1156 961 1190 ut
1012 1156 1146 1204 patet
1197 1151 1374 1192 XXIII
1427 1150 1752 1193 distinccione:
1814 1151 1868 1191 In

554 1219 735 1259 nomine
757 1219 958 1270 Domini,
992 1220 1072 1260 ubi
1094 1226 1256 1262 textus
1279 1226 1445 1271 narrat,
1479 1221 1716 1274 quomodo
1746 1233 1869 1274 papa

555 1289 858 1342 conqueritur
903 1291 1031 1343 quod
1075 1292 1247 1332 crebris
1288 1292 1571 1331 tunsionibus
1612 1290 1870 1342 symoniace

552 1357 721 1400 llere-sis
750 1360 876 1400 sedes
906 1361 988 1401 illa
1009 1361 1162 1414 sepius
1184 1364 1245 1402 est
1261 1373 1496 1414 percussa,
1528 1360 1637 1401 ideo
1659 1361 1866 1400 volendo
1889 1364 1925 1396 15

552 1428 808 1480 providere
843 1430 900 1469 de
932 1430 1140 1470 remedio
1174 1430 1220 1470 in
1252 1430 1457 1471 futurum
1481 1429 1707 1479 decrevit,
1741 1430 1869 1482 quod

554 1502 733 1539 mortuo
765 1512 897 1552 papa
929 1501 1200 1550 cardinales,
1232 1501 1449 1553 religiosi,
1488 1501 1639 1541 clerici
1677 1507 1715 1540 et
1751 1496 1871 1552 layci

552 1569 818 1609 convem'ant
860 1570 922 1609 ad
966 1571 1223 1621 eligendum
1267 1582 1412 1610 unum
1438 1582 1618 1622 papam
1655 1570 1868 1610 idoneum

553 1637 607 1677 de
639 1638 763 1678 illius
807 1640 983 1679 ecclesie
1021 1640 1201 1692 gremio
1247 1640 1313 1680 vel
1355 1640 1559 1691 alteriuS,
1605 1639 1682 1678 ubi
1718 1639 1870 1691 magis

541 1705 691 1758 fuerit
722 1708 924 1761 idoneus,
957 1709 1081 1749 salvo
1110 1721 1289 1762 semper
1303 1709 1546 1762 privilegio
1575 1708 1870 1762 imperatoris
1886 1722 1927 1743 20

554 1776 757 1829 Henrici‚
795 1780 912 1830 quod
949 1779 996 1819 in
1035 1779 1247 1820 eleccione
1276 1792 1400 1833 pape
1436 1779 1595 1820 habeat
1631 1791 1734 1819 cum
1772 1778 1870 1819 suis

553 1846 788 1888 heredibus
820 1849 1042 1890 interesse.
1075 1848 1252 1889 Electus
1283 1851 1436 1889 autem
1466 1852 1703 1901 tamquam
1736 1859 1870 1889 verus

547 1929 676 1970 papa
697 1918 868 1959 habebit
883 1922 985 1959 ante
1006 1919 1393 1960 consecracionem
1408 1931 1543 1959 suam
1566 1919 1714 1959 instar
1733 1916 1736 1973 Ι
1754 1917 1869 1959 beati
1908 1919 1989 1963 224b

558 1983 772 2040 Gregorii
797 1992 1062 2041 potestatem
1095 1989 1363 2041 disponendi
1393 1989 1629 2042 papaliter
1659 1989 1712 2029 de
1744 1988 1869 2028 bonis

553 2057 741 2110 ecclesie,
775 2062 813 2098 et
843 2071 1166 2111 quemcumque
1196 2060 1274 2111 qui
1306 2059 1514 2099 ordinem
1552 2058 1747 2110 eligendi
1775 2058 1866 2098 im-
1885 2055 1929 2093 23

550 2127 744 2176 pedierit
781 2129 1131 2169 anathematizat
1168 2131 1406 2179 tamquam
1439 2128 1694 2180 pessimum
1745 2127 1866 2167 anti-

553 2196 782 2238 christum.
830 2196 1000 2238 Glossa
1033 2203 1187 2238 autem
1227 2196 1459 2237 ordinaria
1491 2196 1616 2247 dicit,
1654 2197 1772 2249 quod
1801 2196 1870 2237 hic

553 2268 757 2319 tangitur
787 2269 975 2309 late-mer
1005 2269 1124 2321 quod
1156 2268 1322 2320 legitur
1344 2268 1390 2307 in
1413 2268 1615 2317 cronicis,
1648 2267 1867 2318 quomodo

552 2335 816 2377 Benedictus
858 2338 935 2390 qni
976 2339 1184 2379 successit
1230 2336 1454 2390 Stephano
1499 2337 1658 2377 eiectus
1700 2339 1762 2377 est
1815 2337 1869 2375 de

546 2407 815 2459 pontificatu
845 2411 882 2447 et
903 2406 1133 2448 ,Iohannes
1164 2405 1427 2447 Sabinensis
1456 2406 1691 2459 episcopus
1710 2404 1869 2457 factus
1884 2408 1926 2441 30

554 2479 616 2516 est
647 2489 776 2530 papa
807 2489 896 2529 pro
932 2478 1147 2529 pecnnia,·
1189 2476 1262 2517 cni
1303 2476 1568 2529 impositum
1607 2478 1669 2516 est
1704 2486 1867 2516 nomen

626 2621 646 2641 1.
686 2613 787 2641 Codd.
825 2613 855 2641 in
896 2622 1010 2648 marg:
1056 2613 1189 2650 Auferre
1232 2613 1311 2640 bona
1353 2612 1537 2647 temporalia
1578 2612 1776 2646 dampnatum
1813 2613 1867 2638 est.

556 2668 600 2687 12.
640 2659 739 2688 Codd.
776 2661 806 2687 in
847 2668 961 2694 marg:
1000 2661 1142 2688 Simonia
1178 2660 1258 2687 sedis
1294 2659 1441 2686 Romane.
1556 2666 1601 2686 21.
1642 2658 1680 2685 B:
1720 2657 1865 2685 habeant.

555 2714 603 2741 27.
627 2706 725 2734 Codd.
747 2707 777 2734 in
799 2715 912 2742 marg.:
936 2707 1102 2742 Deposicio
1121 2714 1286 2742 paparum.

629 2801 655 2822 1.
682 2791 701 2823 i.
729 2801 757 2824 e.
786 2791 975 2833 Gregorius
993 2791 1049 2824 XI.
1151 2799 1200 2824 12.
1227 2791 1362 2822 Decret.
1379 2790 1500 2822 Prima
1525 2798 1618 2830 pars,
1644 2787 1730 2820 Dist.
1749 2786 1866 2829 XXIII,

554 2858 626 2889 cap.
649 2849 668 2880 I.
697 2849 758 2880 Est
776 2849 957 2880 decretum
976 2849 1107 2880 Nicolai
1129 2858 1238 2890 papae
1258 2849 1300 2879 de
1327 2847 1496 2879 electione
1514 2845 1662 2877 Romani
1681 2841 1865 2887 pontificis.

556 2914 606 2950 27.
637 2906 761 2938 Glossa
787 2908 965 2940 ordinaria
993 2908 1059 2949 (ed.
1087 2908 1175 2941 Ven.
1206 2906 1304 2950 1595)
1332 2905 1354 2946 Ι,
1382 2915 1437 2948 97.
