<?xml version="1.0" encoding="UTF-8"?>
<!DOCTYPE html PUBLIC "-//W3C//DTD XHTML 1.0 Transitional//EN"
    "http://www.w3.org/TR/xhtml1/DTD/xhtml1-transitional.dtd">
<html xmlns="http://www.w3.org/1999/xhtml" xml:lang="en" lang="en">
 <head>
  <title>
</title>
<meta http-equiv="Content-Type" content="text/html;charset=utf-8" />
  <meta name='ocr-system' content='tesseract 3.04.00' />
  <meta name='ocr-capabilities' content='ocr_page ocr_carea ocr_par ocr_line ocrx_word'/>
</head>
<body>
  <div class='ocr_page' id='page_1' title='image "./tractatusdepotes00wycl_0194.png"; bbox 0 0 2078 3338; ppageno 0'>
   <div class='ocr_carea' id='block_1_1' title="bbox 237 277 1836 335">
    <p class='ocr_par' dir='ltr' id='par_1_1' title="bbox 237 277 1836 335">
     <span class='ocr_line' id='line_1_1' title="bbox 237 277 1836 335; baseline -0.013 0"><span class='ocrx_word' id='word_1_1' title='bbox 237 297 250 323; x_wconf 93' lang='lat'>1</span> <span class='ocrx_word' id='word_1_2' title='bbox 261 295 312 335; x_wconf 83' lang='lat'>32</span> <span class='ocrx_word' id='word_1_3' title='bbox 959 289 1184 322; x_wconf 80' lang='lat' dir='ltr'>JOHANNIS</span> <span class='ocrx_word' id='word_1_4' title='bbox 1210 289 1396 321; x_wconf 85' lang='lat' dir='ltr'>WYCLIF</span> <span class='ocrx_word' id='word_1_5' title='bbox 1657 277 1764 330; x_wconf 82' lang='lat' dir='ltr'>[CAP.</span> <span class='ocrx_word' id='word_1_6' title='bbox 1783 286 1836 314; x_wconf 88' lang='lat' dir='ltr'>v1.</span> 
     </span>
    </p>
   </div>
   <div class='ocr_carea' id='block_1_2' title="bbox 250 391 1948 1145">
    <p class='ocr_par' dir='ltr' id='par_1_2' title="bbox 250 391 1948 1145">
     <span class='ocr_line' id='line_1_2' title="bbox 268 391 1837 468; baseline -0.001 -33"><span class='ocrx_word' id='word_1_7' title='bbox 268 406 333 447; x_wconf 76' lang='lat' dir='ltr'>we</span> <span class='ocrx_word' id='word_1_8' title='bbox 353 411 466 468; x_wconf 30' lang='lat' dir='ltr'>ean-113}</span> <span class='ocrx_word' id='word_1_9' title='bbox 578 396 654 437; x_wconf 88' lang='lat' dir='ltr'>Ex</span> <span class='ocrx_word' id='word_1_10' title='bbox 686 408 780 449; x_wconf 92' lang='lat' dir='ltr'>quo</span> <span class='ocrx_word' id='word_1_11' title='bbox 825 394 1014 436; x_wconf 89' lang='lat' dir='ltr'>videtur</span> <span class='ocrx_word' id='word_1_12' title='bbox 1061 394 1189 448; x_wconf 91' lang='lat' dir='ltr'>quod</span> <span class='ocrx_word' id='word_1_13' title='bbox 1221 393 1344 434; x_wconf 88' lang='lat' dir='ltr'>sicut</span> <span class='ocrx_word' id='word_1_14' title='bbox 1373 393 1514 434; x_wconf 91' lang='lat' dir='ltr'>homo</span> <span class='ocrx_word' id='word_1_15' title='bbox 1561 391 1747 434; x_wconf 89' lang='lat' dir='ltr'>dubitat</span> <span class='ocrx_word' id='word_1_16' title='bbox 1778 393 1837 433; x_wconf 90' lang='lat' dir='ltr'>de</span> 
     </span>
     <span class='ocr_line' id='line_1_3' title="bbox 250 443 1839 520; baseline -0.002 -15"><span class='ocrx_word' id='word_1_17' title='bbox 250 443 490 511; x_wconf 46' lang='lat' dir='ltr'>sffiffffiai&#39;fsiaie</span> <span class='ocrx_word' id='word_1_18' title='bbox 521 465 739 520; x_wconf 89' lang='lat' dir='ltr'>proximo</span> <span class='ocrx_word' id='word_1_19' title='bbox 773 464 813 505; x_wconf 93' lang='lat' dir='ltr'>si</span> <span class='ocrx_word' id='word_1_20' title='bbox 844 463 905 505; x_wconf 87' lang='lat' dir='ltr'>sit</span> <span class='ocrx_word' id='word_1_21' title='bbox 933 464 981 504; x_wconf 85' lang='lat' dir='ltr'>in</span> <span class='ocrx_word' id='word_1_22' title='bbox 1008 463 1193 504; x_wconf 81' lang='lat' dir='ltr'><strong>mortali</strong></span> <span class='ocrx_word' id='word_1_23' title='bbox 1223 464 1302 504; x_wconf 84' lang='lat' dir='ltr'>vel</span> <span class='ocrx_word' id='word_1_24' title='bbox 1333 462 1584 516; x_wconf 87' lang='lat' dir='ltr'>prescitus,</span> <span class='ocrx_word' id='word_1_25' title='bbox 1618 461 1685 503; x_wconf 89' lang='lat' dir='ltr'>sic</span> <span class='ocrx_word' id='word_1_26' title='bbox 1707 461 1839 503; x_wconf 90' lang='lat' dir='ltr'>dubi-</span> 
     </span>
     <span class='ocr_line' id='line_1_4' title="bbox 283 512 1839 586; baseline -0.003 -9"><span class='ocrx_word' id='word_1_27' title='bbox 283 512 318 539; x_wconf 70' lang='lat' dir='ltr'>Of</span> <span class='ocrx_word' id='word_1_28' title='bbox 334 512 449 539; x_wconf 77' lang='lat' dir='ltr'>others.</span> <span class='ocrx_word' id='word_1_29' title='bbox 521 541 645 577; x_wconf 90' lang='lat' dir='ltr'>taret</span> <span class='ocrx_word' id='word_1_30' title='bbox 677 535 736 575; x_wconf 90' lang='lat' dir='ltr'>de</span> <span class='ocrx_word' id='word_1_31' title='bbox 770 533 1062 574; x_wconf 80' lang='lat' dir='ltr'>excellencia</span> <span class='ocrx_word' id='word_1_32' title='bbox 1093 533 1427 586; x_wconf 89' lang='lat' dir='ltr'>cuiuscumque</span> <span class='ocrx_word' id='word_1_33' title='bbox 1472 537 1623 573; x_wconf 87' lang='lat' dir='ltr'>status</span> <span class='ocrx_word' id='word_1_34' title='bbox 1656 531 1839 573; x_wconf 88' lang='lat' dir='ltr'>viantis.</span> 
     </span>
     <span class='ocr_line' id='line_1_5' title="bbox 523 600 1838 657; baseline -0.004 -11"><span class='ocrx_word' id='word_1_35' title='bbox 523 605 602 647; x_wconf 86' lang='lat' dir='ltr'>Sic</span> <span class='ocrx_word' id='word_1_36' title='bbox 636 604 757 645; x_wconf 91' lang='lat' dir='ltr'>enim</span> <span class='ocrx_word' id='word_1_37' title='bbox 788 604 878 644; x_wconf 86' lang='lat' dir='ltr'>fuit</span> <span class='ocrx_word' id='word_1_38' title='bbox 909 609 1058 644; x_wconf 88' lang='lat' dir='ltr'>status</span> <span class='ocrx_word' id='word_1_39' title='bbox 1092 602 1474 657; x_wconf 87' lang='lat' dir='ltr'>exproprietarie</span> <span class='ocrx_word' id='word_1_40' title='bbox 1506 601 1701 643; x_wconf 85' lang='lat' dir='ltr'>vivendi</span> <span class='ocrx_word' id='word_1_41' title='bbox 1731 600 1838 643; x_wconf 89' lang='lat' dir='ltr'>Sca-</span> 
     </span>
     <span class='ocr_line' id='line_1_6' title="bbox 521 671 1874 726; baseline -0.003 -11"><span class='ocrx_word' id='word_1_42' title='bbox 521 674 686 716; x_wconf 88' lang='lat' dir='ltr'>riothis</span> <span class='ocrx_word' id='word_1_43' title='bbox 717 673 985 723; x_wconf 86' lang='lat' dir='ltr'>vilissimus,</span> <span class='ocrx_word' id='word_1_44' title='bbox 1019 686 1129 726; x_wconf 90' lang='lat' dir='ltr'>ymo</span> <span class='ocrx_word' id='word_1_45' title='bbox 1155 686 1260 713; x_wconf 91' lang='lat' dir='ltr'>cum</span> <span class='ocrx_word' id='word_1_46' title='bbox 1283 677 1433 713; x_wconf 89' lang='lat' dir='ltr'>status</span> <span class='ocrx_word' id='word_1_47' title='bbox 1457 671 1518 713; x_wconf 90' lang='lat' dir='ltr'>sit</span> <span class='ocrx_word' id='word_1_48' title='bbox 1540 671 1841 713; x_wconf 84' lang='lat' dir='ltr'>successivus</span> <span class='ocrx_word' id='word_1_49' title='bbox 1858 676 1874 709; x_wconf 86' lang='lat'><strong>5</strong></span> 
     </span>
     <span class='ocr_line' id='line_1_7' title="bbox 523 740 1843 796; baseline -0.004 -10"><span class='ocrx_word' id='word_1_50' title='bbox 523 751 571 786; x_wconf 86' lang='lat' dir='ltr'>et</span> <span class='ocrx_word' id='word_1_51' title='bbox 616 744 859 786; x_wconf 85' lang='lat' dir='ltr'>dubitatur</span> <span class='ocrx_word' id='word_1_52' title='bbox 905 744 965 783; x_wconf 95' lang='lat' dir='ltr'>de</span> <span class='ocrx_word' id='word_1_53' title='bbox 1008 743 1102 783; x_wconf 88' lang='lat' dir='ltr'>fine</span> <span class='ocrx_word' id='word_1_54' title='bbox 1135 742 1216 796; x_wconf 85' lang='lat' dir='ltr'>qui</span> <span class='ocrx_word' id='word_1_55' title='bbox 1248 747 1322 783; x_wconf 87' lang='lat' dir='ltr'>est</span> <span class='ocrx_word' id='word_1_56' title='bbox 1353 747 1502 783; x_wconf 91' lang='lat' dir='ltr'>status</span> <span class='ocrx_word' id='word_1_57' title='bbox 1538 740 1843 782; x_wconf 80' lang='lat' dir='ltr'>beatitudinis</span> 
     </span>
     <span class='ocr_line' id='line_1_8' title="bbox 523 810 1843 864; baseline -0.003 -9"><span class='ocrx_word' id='word_1_58' title='bbox 523 813 1019 855; x_wconf 88' lang='lat' dir='ltr'>secundumBoecium</span> <span class='ocrx_word' id='word_1_59' title='bbox 1032 811 1105 852; x_wconf 93' lang='lat' dir='ltr'>III</span> <span class='ocrx_word' id='word_1_60' title='bbox 1121 812 1180 852; x_wconf 92' lang='lat' dir='ltr'>de</span> <span class='ocrx_word' id='word_1_61' title='bbox 1191 811 1526 853; x_wconf 81' lang='lat' dir='ltr'>Consolatione</span> <span class='ocrx_word' id='word_1_62' title='bbox 1541 810 1843 864; x_wconf 83' lang='lat' dir='ltr'>philosophie</span> 
     </span>
     <span class='ocr_line' id='line_1_9' title="bbox 522 879 1844 936; baseline -0.003 -12"><span class='ocrx_word' id='word_1_63' title='bbox 522 883 724 931; x_wconf 86' lang='lat' dir='ltr'>videtur,</span> <span class='ocrx_word' id='word_1_64' title='bbox 758 882 888 936; x_wconf 91' lang='lat' dir='ltr'>quod</span> <span class='ocrx_word' id='word_1_65' title='bbox 911 881 1110 935; x_wconf 87' lang='lat' dir='ltr'>quilibet</span> <span class='ocrx_word' id='word_1_66' title='bbox 1131 880 1257 922; x_wconf 89' lang='lat' dir='ltr'>foret</span> <span class='ocrx_word' id='word_1_67' title='bbox 1279 882 1338 921; x_wconf 92' lang='lat' dir='ltr'>de</span> <span class='ocrx_word' id='word_1_68' title='bbox 1370 880 1503 922; x_wconf 91' lang='lat' dir='ltr'>totali</span> <span class='ocrx_word' id='word_1_69' title='bbox 1534 885 1659 921; x_wconf 88' lang='lat' dir='ltr'>statu</span> <span class='ocrx_word' id='word_1_70' title='bbox 1689 879 1844 920; x_wconf 86' lang='lat' dir='ltr'>fratris</span> 
     </span>
     <span class='ocr_line' id='line_1_10' title="bbox 524 949 1844 1006; baseline -0.002 -13"><span class='ocrx_word' id='word_1_71' title='bbox 524 953 595 994; x_wconf 90' lang='lat' dir='ltr'>sui</span> <span class='ocrx_word' id='word_1_72' title='bbox 639 951 901 1006; x_wconf 88' lang='lat' dir='ltr'>ambiguus.</span> <span class='ocrx_word' id='word_1_73' title='bbox 953 950 1046 991; x_wconf 78' lang='lat' dir='ltr'>Hic</span> <span class='ocrx_word' id='word_1_74' title='bbox 1091 956 1285 1004; x_wconf 83' lang='lat' dir='ltr'>oportet</span> <span class='ocrx_word' id='word_1_75' title='bbox 1327 963 1600 1004; x_wconf 85' lang='lat' dir='ltr'>supponere</span> <span class='ocrx_word' id='word_1_76' title='bbox 1638 949 1844 1003; x_wconf 89' lang='lat' dir='ltr'>descrip-</span> 
     </span>
     <span class='ocr_line' id='line_1_11' title="bbox 526 1019 1948 1074; baseline -0.004 -11"><span class='ocrx_word' id='word_1_77' title='bbox 526 1023 710 1063; x_wconf 89' lang='lat' dir='ltr'>cionem</span> <span class='ocrx_word' id='word_1_78' title='bbox 733 1027 781 1062; x_wconf 92' lang='lat' dir='ltr'>et</span> <span class='ocrx_word' id='word_1_79' title='bbox 803 1020 1163 1062; x_wconf 89' lang='lat' dir='ltr'>distinccionem</span> <span class='ocrx_word' id='word_1_80' title='bbox 1185 1020 1482 1074; x_wconf 88' lang='lat' dir='ltr'>supradictas</span> <span class='ocrx_word' id='word_1_81' title='bbox 1510 1021 1515 1072; x_wconf 90' lang='grc'>1</span> <span class='ocrx_word' id='word_1_82' title='bbox 1544 1020 1602 1060; x_wconf 91' lang='lat' dir='ltr'>de</span> <span class='ocrx_word' id='word_1_83' title='bbox 1634 1019 1845 1060; x_wconf 88' lang='lat' dir='ltr'>statibus.</span> <span class='ocrx_word' id='word_1_84' title='bbox 1888 1026 1948 1068; x_wconf 83' lang='lat'>193</span> 
     </span>
     <span class='ocr_line' id='line_1_12' title="bbox 262 1089 1847 1145; baseline -0.006 -7"><span class='ocrx_word' id='word_1_85' title='bbox 262 1100 390 1139; x_wconf 60' lang='lat' dir='ltr'>change</span> <span class='ocrx_word' id='word_1_86' title='bbox 411 1107 481 1135; x_wconf 75' lang='lat' dir='ltr'>may</span> <span class='ocrx_word' id='word_1_87' title='bbox 525 1093 587 1134; x_wconf 82' lang='lat' dir='ltr'>Et</span> <span class='ocrx_word' id='word_1_88' title='bbox 618 1092 828 1134; x_wconf 89' lang='lat' dir='ltr'>secundo</span> <span class='ocrx_word' id='word_1_89' title='bbox 864 1095 1056 1145; x_wconf 87' lang='lat' dir='ltr'>oportet</span> <span class='ocrx_word' id='word_1_90' title='bbox 1103 1095 1268 1131; x_wconf 89' lang='lat' dir='ltr'>notare</span> <span class='ocrx_word' id='word_1_91' title='bbox 1314 1090 1554 1144; x_wconf 89' lang='lat' dir='ltr'>quomodo</span> <span class='ocrx_word' id='word_1_92' title='bbox 1594 1089 1847 1143; x_wconf 85' lang='lat' dir='ltr'>dupliciter</span> 
     </span>
    </p>
   </div>
   <div class='ocr_carea' id='block_1_3' title="bbox 237 1135 1847 1217">
    <p class='ocr_par' dir='ltr' id='par_1_3' title="bbox 237 1135 1847 1217">
     <span class='ocr_line' id='line_1_13' title="bbox 237 1135 1847 1217; baseline -0.004 -12"><span class='ocrx_word' id='word_1_93' title='bbox 237 1136 274 1162; x_wconf 60' lang='lat' dir='ltr'>be</span> <span class='ocrx_word' id='word_1_94' title='bbox 293 1135 512 1197; x_wconf 50' lang='lat' dir='ltr'>mossruffitanee</span> <span class='ocrx_word' id='word_1_95' title='bbox 526 1162 701 1217; x_wconf 89' lang='lat' dir='ltr'>aliquid</span> <span class='ocrx_word' id='word_1_96' title='bbox 752 1161 921 1202; x_wconf 89' lang='lat' dir='ltr'>dicitur</span> <span class='ocrx_word' id='word_1_97' title='bbox 958 1160 1268 1212; x_wconf 85' lang='lat' dir='ltr'>transmutari,</span> <span class='ocrx_word' id='word_1_98' title='bbox 1319 1161 1397 1200; x_wconf 89' lang='lat' dir='ltr'>vel</span> <span class='ocrx_word' id='word_1_99' title='bbox 1452 1159 1717 1200; x_wconf 83' lang='lat' dir='ltr'>subiective</span> <span class='ocrx_word' id='word_1_100' title='bbox 1768 1159 1847 1198; x_wconf 89' lang='lat' dir='ltr'>vel</span> 
     </span>
    </p>
   </div>
   <div class='ocr_carea' id='block_1_4' title="bbox 249 1208 1910 2470">
    <p class='ocr_par' dir='ltr' id='par_1_4' title="bbox 261 1208 1908 1983">
     <span class='ocr_line' id='line_1_14' title="bbox 261 1208 1846 1288; baseline -0.003 -14"><span class='ocrx_word' id='word_1_101' title='bbox 261 1208 487 1274; x_wconf 49' lang='grc' dir='ltr'>ἕὲἒὲοξῖιῗνῃίἷ-</span> <span class='ocrx_word' id='word_1_102' title='bbox 526 1232 685 1288; x_wconf 82' lang='lat' dir='ltr'>gracia</span> <span class='ocrx_word' id='word_1_103' title='bbox 729 1230 1110 1272; x_wconf 89' lang='lat' dir='ltr'>concomitancie.</span> <span class='ocrx_word' id='word_1_104' title='bbox 1173 1229 1449 1272; x_wconf 83' lang='lat' dir='ltr'>Subiective</span> <span class='ocrx_word' id='word_1_105' title='bbox 1494 1235 1547 1270; x_wconf 85' lang='lat' dir='ltr'>ut</span> <span class='ocrx_word' id='word_1_106' title='bbox 1590 1229 1690 1270; x_wconf 91' lang='lat' dir='ltr'>sola</span> <span class='ocrx_word' id='word_1_107' title='bbox 1740 1229 1846 1269; x_wconf 89' lang='lat' dir='ltr'>sub-</span> 
     </span>
     <span class='ocr_line' id='line_1_15' title="bbox 527 1297 1847 1355; baseline -0.004 -12"><span class='ocrx_word' id='word_1_108' title='bbox 527 1302 705 1344; x_wconf 89' lang='lat' dir='ltr'>stancia</span> <span class='ocrx_word' id='word_1_109' title='bbox 735 1307 1086 1353; x_wconf 57' lang='lat' dir='ltr'>transmutatum</span> <span class='ocrx_word' id='word_1_110' title='bbox 1131 1299 1289 1355; x_wconf 83' lang='lat' dir='ltr'>gracia</span> <span class='ocrx_word' id='word_1_111' title='bbox 1322 1300 1667 1341; x_wconf 90' lang='lat' dir='ltr'>concomitante</span> <span class='ocrx_word' id='word_1_112' title='bbox 1697 1297 1847 1339; x_wconf 89' lang='lat' dir='ltr'>omnis</span> 
     </span>
     <span class='ocr_line' id='line_1_16' title="bbox 526 1368 1903 1413; baseline -0.004 -1"><span class='ocrx_word' id='word_1_113' title='bbox 526 1377 676 1413; x_wconf 85' lang='lat' dir='ltr'>status</span> <span class='ocrx_word' id='word_1_114' title='bbox 708 1372 786 1412; x_wconf 82' lang='lat' dir='ltr'>vel</span> <span class='ocrx_word' id='word_1_115' title='bbox 821 1384 898 1412; x_wconf 86' lang='lat' dir='ltr'>res</span> <span class='ocrx_word' id='word_1_116' title='bbox 939 1371 1024 1411; x_wconf 91' lang='lat' dir='ltr'>alia</span> <span class='ocrx_word' id='word_1_117' title='bbox 1059 1370 1326 1411; x_wconf 82' lang='lat' dir='ltr'>inexistens</span> <span class='ocrx_word' id='word_1_118' title='bbox 1363 1369 1540 1410; x_wconf 89' lang='lat' dir='ltr'>homini</span> <span class='ocrx_word' id='word_1_119' title='bbox 1577 1368 1903 1409; x_wconf 83' lang='lat' dir='ltr'>melioratur15</span> 
     </span>
     <span class='ocr_line' id='line_1_17' title="bbox 526 1438 1847 1495; baseline -0.002 -13"><span class='ocrx_word' id='word_1_120' title='bbox 526 1443 605 1483; x_wconf 88' lang='lat' dir='ltr'>vel</span> <span class='ocrx_word' id='word_1_121' title='bbox 654 1441 896 1495; x_wconf 87' lang='lat' dir='ltr'>peioratur</span> <span class='ocrx_word' id='word_1_122' title='bbox 946 1446 1142 1495; x_wconf 87' lang='lat' dir='ltr'>propter</span> <span class='ocrx_word' id='word_1_123' title='bbox 1194 1439 1611 1481; x_wconf 90' lang='lat' dir='ltr'>concomitanciam</span> <span class='ocrx_word' id='word_1_124' title='bbox 1659 1438 1847 1479; x_wconf 86' lang='lat' dir='ltr'>virtutis</span> 
     </span>
     <span class='ocr_line' id='line_1_18' title="bbox 528 1509 1848 1553; baseline -0.004 -1"><span class='ocrx_word' id='word_1_125' title='bbox 528 1518 606 1552; x_wconf 86' lang='lat' dir='ltr'>aut</span> <span class='ocrx_word' id='word_1_126' title='bbox 637 1511 758 1553; x_wconf 88' lang='lat' dir='ltr'>vicii.</span> <span class='ocrx_word' id='word_1_127' title='bbox 789 1510 851 1551; x_wconf 88' lang='lat' dir='ltr'>Et</span> <span class='ocrx_word' id='word_1_128' title='bbox 883 1510 950 1551; x_wconf 85' lang='lat' dir='ltr'>sic</span> <span class='ocrx_word' id='word_1_129' title='bbox 982 1523 1059 1551; x_wconf 90' lang='lat' dir='ltr'>res</span> <span class='ocrx_word' id='word_1_130' title='bbox 1089 1510 1138 1550; x_wconf 89' lang='lat' dir='ltr'>in</span> <span class='ocrx_word' id='word_1_131' title='bbox 1170 1516 1334 1550; x_wconf 90' lang='lat' dir='ltr'>natura</span> <span class='ocrx_word' id='word_1_132' title='bbox 1365 1523 1449 1550; x_wconf 87' lang='lat' dir='ltr'>sua</span> <span class='ocrx_word' id='word_1_133' title='bbox 1482 1509 1702 1550; x_wconf 88' lang='lat' dir='ltr'>continue</span> <span class='ocrx_word' id='word_1_134' title='bbox 1725 1521 1848 1548; x_wconf 88' lang='lat' dir='ltr'>nunc</span> 
     </span>
     <span class='ocr_line' id='line_1_19' title="bbox 528 1579 1848 1634; baseline -0.003 -12"><span class='ocrx_word' id='word_1_135' title='bbox 528 1588 602 1623; x_wconf 88' lang='lat' dir='ltr'>est</span> <span class='ocrx_word' id='word_1_136' title='bbox 643 1581 807 1622; x_wconf 88' lang='lat' dir='ltr'>melior</span> <span class='ocrx_word' id='word_1_137' title='bbox 853 1586 901 1621; x_wconf 94' lang='lat' dir='ltr'>et</span> <span class='ocrx_word' id='word_1_138' title='bbox 944 1593 1069 1620; x_wconf 89' lang='lat' dir='ltr'>nunc</span> <span class='ocrx_word' id='word_1_139' title='bbox 1112 1579 1260 1634; x_wconf 87' lang='lat' dir='ltr'>peior,</span> <span class='ocrx_word' id='word_1_140' title='bbox 1306 1585 1354 1619; x_wconf 91' lang='lat' dir='ltr'>et</span> <span class='ocrx_word' id='word_1_141' title='bbox 1397 1579 1464 1619; x_wconf 91' lang='lat' dir='ltr'>sic</span> <span class='ocrx_word' id='word_1_142' title='bbox 1501 1579 1621 1619; x_wconf 87' lang='lat' dir='ltr'>fides</span> <span class='ocrx_word' id='word_1_143' title='bbox 1656 1583 1704 1619; x_wconf 94' lang='lat' dir='ltr'>et</span> <span class='ocrx_word' id='word_1_144' title='bbox 1735 1591 1848 1631; x_wconf 88' lang='lat' dir='ltr'>spes</span> 
     </span>
     <span class='ocr_line' id='line_1_20' title="bbox 526 1649 1848 1705; baseline -0.003 -14"><span class='ocrx_word' id='word_1_145' title='bbox 526 1656 731 1705; x_wconf 89' lang='lat' dir='ltr'>possunt</span> <span class='ocrx_word' id='word_1_146' title='bbox 762 1664 884 1691; x_wconf 90' lang='lat' dir='ltr'>nunc</span> <span class='ocrx_word' id='word_1_147' title='bbox 917 1650 1108 1690; x_wconf 89' lang='lat' dir='ltr'>formari</span> <span class='ocrx_word' id='word_1_148' title='bbox 1143 1649 1333 1690; x_wconf 89' lang='lat' dir='ltr'>caritate</span> <span class='ocrx_word' id='word_1_149' title='bbox 1369 1654 1417 1689; x_wconf 92' lang='lat' dir='ltr'>et</span> <span class='ocrx_word' id='word_1_150' title='bbox 1457 1662 1581 1689; x_wconf 87' lang='lat' dir='ltr'>nunc</span> <span class='ocrx_word' id='word_1_151' title='bbox 1606 1661 1848 1688; x_wconf 89' lang='lat' dir='ltr'>remanere</span> 
     </span>
     <span class='ocr_line' id='line_1_21' title="bbox 525 1717 1908 1773; baseline -0.003 -12"><span class='ocrx_word' id='word_1_152' title='bbox 525 1721 767 1773; x_wconf 86' lang='lat' dir='ltr'>informes,</span> <span class='ocrx_word' id='word_1_153' title='bbox 807 1733 913 1760; x_wconf 86' lang='lat' dir='ltr'>cum</span> <span class='ocrx_word' id='word_1_154' title='bbox 948 1719 1053 1773; x_wconf 88' lang='lat' dir='ltr'>ipsa</span> <span class='ocrx_word' id='word_1_155' title='bbox 1083 1732 1179 1760; x_wconf 90' lang='lat' dir='ltr'>non</span> <span class='ocrx_word' id='word_1_156' title='bbox 1210 1718 1443 1772; x_wconf 91' lang='lat' dir='ltr'>permittit</span> <span class='ocrx_word' id='word_1_157' title='bbox 1481 1731 1642 1758; x_wconf 90' lang='lat' dir='ltr'>secum</span> <span class='ocrx_word' id='word_1_158' title='bbox 1674 1717 1849 1758; x_wconf 89' lang='lat' dir='ltr'>crimen</span> <span class='ocrx_word' id='word_1_159' title='bbox 1867 1732 1908 1753; x_wconf 89' lang='lat'>20</span> 
     </span>
     <span class='ocr_line' id='line_1_22' title="bbox 527 1788 1849 1844; baseline -0.002 -13"><span class='ocrx_word' id='word_1_160' title='bbox 527 1796 579 1831; x_wconf 90' lang='lat' dir='ltr'>ut</span> <span class='ocrx_word' id='word_1_161' title='bbox 621 1803 842 1844; x_wconf 88' lang='lat' dir='ltr'>suprema</span> <span class='ocrx_word' id='word_1_162' title='bbox 878 1789 1026 1830; x_wconf 85' lang='lat' dir='ltr'>virtus</span> <span class='ocrx_word' id='word_1_163' title='bbox 1071 1795 1120 1830; x_wconf 93' lang='lat' dir='ltr'>et</span> <span class='ocrx_word' id='word_1_164' title='bbox 1157 1788 1373 1842; x_wconf 81' lang='lat' dir='ltr'>simplex,</span> <span class='ocrx_word' id='word_1_165' title='bbox 1433 1788 1496 1829; x_wconf 89' lang='lat' dir='ltr'>Et</span> <span class='ocrx_word' id='word_1_166' title='bbox 1532 1793 1675 1841; x_wconf 87' lang='lat' dir='ltr'>patet,</span> <span class='ocrx_word' id='word_1_167' title='bbox 1721 1788 1849 1841; x_wconf 90' lang='lat' dir='ltr'>quod</span> 
     </span>
     <span class='ocr_line' id='line_1_23' title="bbox 528 1857 1850 1914; baseline -0.002 -14"><span class='ocrx_word' id='word_1_168' title='bbox 528 1860 705 1914; x_wconf 84' lang='lat' dir='ltr'>triplex</span> <span class='ocrx_word' id='word_1_169' title='bbox 748 1859 948 1913; x_wconf 89' lang='lat' dir='ltr'>primum</span> <span class='ocrx_word' id='word_1_170' title='bbox 996 1864 1322 1914; x_wconf 82' lang='lat' dir='ltr'>argumentum</span> <span class='ocrx_word' id='word_1_171' title='bbox 1359 1860 1554 1898; x_wconf 89' lang='lat' dir='ltr'>roborat</span> <span class='ocrx_word' id='word_1_172' title='bbox 1591 1857 1850 1898; x_wconf 89' lang='lat' dir='ltr'>veritatem.</span> 
     </span>
     <span class='ocr_line' id='line_1_24' title="bbox 531 1928 1849 1983; baseline -0.002 -13"><span class='ocrx_word' id='word_1_173' title='bbox 531 1929 766 1983; x_wconf 76' lang='lat' dir='ltr'>Quantum</span> <span class='ocrx_word' id='word_1_174' title='bbox 814 1929 871 1969; x_wconf 92' lang='lat' dir='ltr'>ad</span> <span class='ocrx_word' id='word_1_175' title='bbox 912 1928 1114 1982; x_wconf 89' lang='lat' dir='ltr'>primum</span> <span class='ocrx_word' id='word_1_176' title='bbox 1159 1928 1299 1968; x_wconf 89' lang='lat' dir='ltr'>trium</span> <span class='ocrx_word' id='word_1_177' title='bbox 1346 1933 1730 1982; x_wconf 83' lang='lat' dir='ltr'>argumentorum</span> <span class='ocrx_word' id='word_1_178' title='bbox 1781 1940 1849 1967; x_wconf 86' lang='lat' dir='ltr'>se-</span> 
     </span>
    </p>

    <p class='ocr_par' dir='ltr' id='par_1_5' title="bbox 280 1997 1849 2053">
     <span class='ocr_line' id='line_1_25' title="bbox 280 1997 1849 2053; baseline -0.005 -8"><span class='ocrx_word' id='word_1_179' title='bbox 280 2017 351 2044; x_wconf 84' lang='lat' dir='ltr'>Itis</span> <span class='ocrx_word' id='word_1_180' title='bbox 371 2017 402 2044; x_wconf 89' lang='lat' dir='ltr'>in</span> <span class='ocrx_word' id='word_1_181' title='bbox 422 2017 473 2044; x_wconf 72' lang='lat' dir='ltr'>the</span> <span class='ocrx_word' id='word_1_182' title='bbox 531 1998 782 2053; x_wconf 90' lang='lat' dir='ltr'>quencium</span> <span class='ocrx_word' id='word_1_183' title='bbox 812 2003 946 2053; x_wconf 92' lang='lat' dir='ltr'>patet</span> <span class='ocrx_word' id='word_1_184' title='bbox 979 2012 1040 2039; x_wconf 88' lang='lat' dir='ltr'>ex</span> <span class='ocrx_word' id='word_1_185' title='bbox 1073 1997 1385 2039; x_wconf 90' lang='lat' dir='ltr'>distinccione</span> <span class='ocrx_word' id='word_1_186' title='bbox 1416 1998 1508 2037; x_wconf 87' lang='lat' dir='ltr'>iam</span> <span class='ocrx_word' id='word_1_187' title='bbox 1536 1997 1705 2051; x_wconf 87' lang='lat' dir='ltr'>posita,</span> <span class='ocrx_word' id='word_1_188' title='bbox 1738 2009 1849 2050; x_wconf 90' lang='lat' dir='ltr'>quo-</span> 
     </span>
    </p>

    <p class='ocr_par' dir='ltr' id='par_1_6' title="bbox 249 2052 1910 2470">
     <span class='ocr_line' id='line_1_26' title="bbox 249 2052 1906 2115; baseline -0.004 -4"><span class='ocrx_word' id='word_1_189' title='bbox 249 2052 516 2115; x_wconf 48' lang='lat' dir='ltr'>Issssstt‘sssisswsslytetrheff,</span> <span class='ocrx_word' id='word_1_190' title='bbox 530 2069 672 2109; x_wconf 89' lang='lat' dir='ltr'>modo</span> <span class='ocrx_word' id='word_1_191' title='bbox 717 2073 867 2109; x_wconf 90' lang='lat' dir='ltr'>status</span> <span class='ocrx_word' id='word_1_192' title='bbox 911 2081 1006 2108; x_wconf 85' lang='lat' dir='ltr'>non</span> <span class='ocrx_word' id='word_1_193' title='bbox 1052 2069 1273 2108; x_wconf 84' lang='lat' dir='ltr'>alteratur</span> <span class='ocrx_word' id='word_1_194' title='bbox 1309 2066 1574 2108; x_wconf 87' lang='lat' dir='ltr'>subiective</span> <span class='ocrx_word' id='word_1_195' title='bbox 1618 2067 1704 2107; x_wconf 88' lang='lat' dir='ltr'>sed</span> <span class='ocrx_word' id='word_1_196' title='bbox 1744 2070 1906 2106; x_wconf 84' lang='lat' dir='ltr'>con-25</span> 
     </span>
     <span class='ocr_line' id='line_1_27' title="bbox 533 2135 1850 2191; baseline -0.004 -11"><span class='ocrx_word' id='word_1_197' title='bbox 533 2138 816 2180; x_wconf 89' lang='lat' dir='ltr'>comitative.</span> <span class='ocrx_word' id='word_1_198' title='bbox 868 2138 930 2179; x_wconf 89' lang='lat' dir='ltr'>Et</span> <span class='ocrx_word' id='word_1_199' title='bbox 969 2138 1255 2191; x_wconf 88' lang='lat' dir='ltr'>quandoque</span> <span class='ocrx_word' id='word_1_200' title='bbox 1292 2150 1382 2190; x_wconf 87' lang='lat' dir='ltr'>per</span> <span class='ocrx_word' id='word_1_201' title='bbox 1418 2142 1669 2190; x_wconf 86' lang='lat' dir='ltr'>peccatum</span> <span class='ocrx_word' id='word_1_202' title='bbox 1702 2135 1850 2176; x_wconf 88' lang='lat' dir='ltr'>extin-</span> 
     </span>
     <span class='ocr_line' id='line_1_28' title="bbox 532 2205 1852 2263; baseline -0.003 -14"><span class='ocrx_word' id='word_1_203' title='bbox 532 2208 703 2263; x_wconf 82' lang='lat' dir='ltr'>guitur,</span> <span class='ocrx_word' id='word_1_204' title='bbox 748 2208 877 2262; x_wconf 91' lang='lat' dir='ltr'>quod</span> <span class='ocrx_word' id='word_1_205' title='bbox 919 2208 1129 2262; x_wconf 89' lang='lat' dir='ltr'>pertinet</span> <span class='ocrx_word' id='word_1_206' title='bbox 1173 2207 1231 2248; x_wconf 93' lang='lat' dir='ltr'>ad</span> <span class='ocrx_word' id='word_1_207' title='bbox 1274 2220 1380 2247; x_wconf 91' lang='lat' dir='ltr'>eum</span> <span class='ocrx_word' id='word_1_208' title='bbox 1422 2219 1726 2259; x_wconf 82' lang='lat' dir='ltr'>cognoscere,</span> <span class='ocrx_word' id='word_1_209' title='bbox 1771 2205 1852 2259; x_wconf 90' lang='lat' dir='ltr'>qui</span> 
     </span>
     <span class='ocr_line' id='line_1_29' title="bbox 532 2276 1849 2331; baseline -0.002 -13"><span class='ocrx_word' id='word_1_210' title='bbox 532 2278 671 2318; x_wconf 89' lang='lat' dir='ltr'>nobis</span> <span class='ocrx_word' id='word_1_211' title='bbox 691 2277 1231 2331; x_wconf 87' lang='lat' dir='ltr'>incomprehensibiliter</span> <span class='ocrx_word' id='word_1_212' title='bbox 1255 2276 1438 2317; x_wconf 88' lang='lat' dir='ltr'>ordinat</span> <span class='ocrx_word' id='word_1_213' title='bbox 1460 2281 1656 2317; x_wconf 86' lang='lat' dir='ltr'>cunctos</span> <span class='ocrx_word' id='word_1_214' title='bbox 1680 2281 1849 2326; x_wconf 80' lang='lat' dir='ltr'>status3</span> 
     </span>
     <span class='ocr_line' id='line_1_30' title="bbox 535 2344 1852 2401; baseline -0.002 -13"><span class='ocrx_word' id='word_1_215' title='bbox 535 2347 747 2401; x_wconf 83' lang='lat' dir='ltr'>quamvis</span> <span class='ocrx_word' id='word_1_216' title='bbox 770 2353 925 2388; x_wconf 88' lang='lat' dir='ltr'>autem</span> <span class='ocrx_word' id='word_1_217' title='bbox 946 2346 1139 2387; x_wconf 89' lang='lat' dir='ltr'>materia</span> <span class='ocrx_word' id='word_1_218' title='bbox 1161 2347 1220 2387; x_wconf 90' lang='lat' dir='ltr'>de</span> <span class='ocrx_word' id='word_1_219' title='bbox 1241 2346 1441 2387; x_wconf 87' lang='lat' dir='ltr'>statibus</span> <span class='ocrx_word' id='word_1_220' title='bbox 1470 2346 1530 2386; x_wconf 89' lang='lat' dir='ltr'>sit</span> <span class='ocrx_word' id='word_1_221' title='bbox 1551 2346 1688 2386; x_wconf 85' lang='lat' dir='ltr'>valde</span> <span class='ocrx_word' id='word_1_222' title='bbox 1712 2344 1852 2399; x_wconf 88' lang='lat' dir='ltr'>ampli</span> 
     </span>
     <span class='ocr_line' id='line_1_31' title="bbox 535 2415 1910 2470; baseline -0.003 -13"><span class='ocrx_word' id='word_1_223' title='bbox 535 2417 748 2470; x_wconf 89' lang='lat' dir='ltr'>ambitus,</span> <span class='ocrx_word' id='word_1_224' title='bbox 780 2422 830 2457; x_wconf 93' lang='lat' dir='ltr'>ut</span> <span class='ocrx_word' id='word_1_225' title='bbox 860 2416 1072 2457; x_wconf 88' lang='lat' dir='ltr'>medicus</span> <span class='ocrx_word' id='word_1_226' title='bbox 1103 2421 1278 2457; x_wconf 84' lang='lat' dir='ltr'>tractat</span> <span class='ocrx_word' id='word_1_227' title='bbox 1300 2416 1358 2456; x_wconf 92' lang='lat' dir='ltr'>de</span> <span class='ocrx_word' id='word_1_228' title='bbox 1391 2421 1520 2457; x_wconf 86' lang='lat' dir='ltr'>statu</span> <span class='ocrx_word' id='word_1_229' title='bbox 1543 2415 1769 2469; x_wconf 85' lang='lat' dir='ltr'>corporis,</span> <span class='ocrx_word' id='word_1_230' title='bbox 1801 2420 1853 2455; x_wconf 90' lang='lat' dir='ltr'>ut</span> <span class='ocrx_word' id='word_1_231' title='bbox 1869 2421 1910 2453; x_wconf 82' lang='lat'>30</span> 
     </span>
    </p>
   </div>
   <div class='ocr_carea' id='block_1_5' title="bbox 534 2485 1852 2541">
    <p class='ocr_par' dir='ltr' id='par_1_7' title="bbox 534 2485 1852 2541">
     <span class='ocr_line' id='line_1_32' title="bbox 534 2485 1852 2541; baseline -0.002 -13"><span class='ocrx_word' id='word_1_232' title='bbox 534 2487 752 2541; x_wconf 85' lang='lat' dir='ltr'>precedit</span> <span class='ocrx_word' id='word_1_233' title='bbox 774 2487 832 2527; x_wconf 88' lang='lat' dir='ltr'>ad</span> <span class='ocrx_word' id='word_1_234' title='bbox 853 2486 1126 2527; x_wconf 87' lang='lat' dir='ltr'>felicitatem</span> <span class='ocrx_word' id='word_1_235' title='bbox 1140 2486 1217 2526; x_wconf 88' lang='lat' dir='ltr'>vie</span> <span class='ocrx_word' id='word_1_236' title='bbox 1239 2485 1342 2526; x_wconf 87' lang='lat' dir='ltr'>sive</span> <span class='ocrx_word' id='word_1_237' title='bbox 1364 2486 1607 2538; x_wconf 79' lang='lat' dir='ltr'>miseriam,</span> <span class='ocrx_word' id='word_1_238' title='bbox 1630 2485 1852 2539; x_wconf 86' lang='lat' dir='ltr'>politicus</span> 
     </span>
    </p>
   </div>
   <div class='ocr_carea' id='block_1_6' title="bbox 537 2643 1855 2865">
    <p class='ocr_par' dir='ltr' id='par_1_8' title="bbox 537 2643 1855 2865">
     <span class='ocr_line' id='line_1_33' title="bbox 608 2643 1853 2680; baseline -0.001 -7"><span class='ocrx_word' id='word_1_239' title='bbox 608 2654 629 2673; x_wconf 91' lang='lat'>1.</span> <span class='ocrx_word' id='word_1_240' title='bbox 651 2646 681 2673; x_wconf 93' lang='lat' dir='ltr'>A</span> <span class='ocrx_word' id='word_1_241' title='bbox 699 2645 730 2672; x_wconf 89' lang='lat' dir='ltr'>in</span> <span class='ocrx_word' id='word_1_242' title='bbox 750 2653 865 2680; x_wconf 64' lang='lat' dir='ltr'>marg:</span> <span class='ocrx_word' id='word_1_243' title='bbox 885 2653 916 2679; x_wconf 74' lang='lat'>3.</span> <span class='ocrx_word' id='word_1_244' title='bbox 989 2654 1018 2679; x_wconf 84' lang='lat'>4.</span> <span class='ocrx_word' id='word_1_245' title='bbox 1040 2645 1070 2672; x_wconf 90' lang='lat' dir='ltr'>A</span> <span class='ocrx_word' id='word_1_246' title='bbox 1089 2645 1120 2672; x_wconf 90' lang='lat' dir='ltr'>in</span> <span class='ocrx_word' id='word_1_247' title='bbox 1142 2653 1257 2680; x_wconf 64' lang='lat' dir='ltr'>marg:</span> <span class='ocrx_word' id='word_1_248' title='bbox 1278 2645 1360 2672; x_wconf 84' lang='lat' dir='ltr'>Nota</span> <span class='ocrx_word' id='word_1_249' title='bbox 1380 2645 1501 2680; x_wconf 86' lang='lat' dir='ltr'>optime.</span> <span class='ocrx_word' id='word_1_250' title='bbox 1577 2644 1602 2672; x_wconf 84' lang='lat'>5.</span> <span class='ocrx_word' id='word_1_251' title='bbox 1626 2644 1664 2672; x_wconf 87' lang='lat' dir='ltr'>B:</span> <span class='ocrx_word' id='word_1_252' title='bbox 1688 2643 1853 2672; x_wconf 74' lang='lat' dir='ltr'>Vilissimis.</span> 
     </span>
     <span class='ocr_line' id='line_1_34' title="bbox 538 2690 1855 2727; baseline -0.002 -8"><span class='ocrx_word' id='word_1_253' title='bbox 538 2700 566 2727; x_wconf 92' lang='lat'>7.</span> <span class='ocrx_word' id='word_1_254' title='bbox 589 2691 707 2719; x_wconf 88' lang='lat' dir='ltr'>Codd.:</span> <span class='ocrx_word' id='word_1_255' title='bbox 728 2692 766 2718; x_wconf 83' lang='lat' dir='ltr'>de</span> <span class='ocrx_word' id='word_1_256' title='bbox 785 2691 952 2726; x_wconf 83' lang='lat' dir='ltr'>questione.</span> <span class='ocrx_word' id='word_1_257' title='bbox 1029 2699 1066 2718; x_wconf 92' lang='lat'>11.</span> <span class='ocrx_word' id='word_1_258' title='bbox 1089 2690 1143 2718; x_wconf 88' lang='lat' dir='ltr'>AB</span> <span class='ocrx_word' id='word_1_259' title='bbox 1162 2691 1194 2718; x_wconf 91' lang='lat' dir='ltr'>in</span> <span class='ocrx_word' id='word_1_260' title='bbox 1216 2698 1330 2726; x_wconf 70' lang='lat' dir='ltr'>marg:</span> <span class='ocrx_word' id='word_1_261' title='bbox 1351 2690 1474 2718; x_wconf 82' lang='lat' dir='ltr'>Mutari</span> <span class='ocrx_word' id='word_1_262' title='bbox 1491 2690 1604 2718; x_wconf 77' lang='lat' dir='ltr'>dicitur</span> <span class='ocrx_word' id='word_1_263' title='bbox 1622 2690 1743 2724; x_wconf 80' lang='lat' dir='ltr'>aliquid</span> <span class='ocrx_word' id='word_1_264' title='bbox 1756 2690 1855 2724; x_wconf 76' lang='lat' dir='ltr'>dupli-</span> 
     </span>
     <span class='ocr_line' id='line_1_35' title="bbox 538 2734 1855 2777; baseline -0.002 -12"><span class='ocrx_word' id='word_1_265' title='bbox 538 2738 624 2765; x_wconf 83' lang='lat' dir='ltr'>citer.</span> <span class='ocrx_word' id='word_1_266' title='bbox 700 2745 743 2777; x_wconf 81' lang='lat'>¹9.-</span> <span class='ocrx_word' id='word_1_267' title='bbox 766 2736 883 2765; x_wconf 90' lang='lat' dir='ltr'>Codd.:</span> <span class='ocrx_word' id='word_1_268' title='bbox 905 2736 1079 2764; x_wconf 82' lang='lat' dir='ltr'>caritatem.</span> <span class='ocrx_word' id='word_1_269' title='bbox 1154 2735 1202 2765; x_wconf 84' lang='lat'>23.</span> <span class='ocrx_word' id='word_1_270' title='bbox 1224 2736 1247 2763; x_wconf 87' lang='lat' dir='ltr'>B</span> <span class='ocrx_word' id='word_1_271' title='bbox 1268 2736 1298 2764; x_wconf 90' lang='lat' dir='ltr'>in</span> <span class='ocrx_word' id='word_1_272' title='bbox 1326 2744 1440 2771; x_wconf 70' lang='lat' dir='ltr'>marg:</span> <span class='ocrx_word' id='word_1_273' title='bbox 1460 2735 1509 2763; x_wconf 82' lang='lat' dir='ltr'>Ad</span> <span class='ocrx_word' id='word_1_274' title='bbox 1521 2736 1665 2771; x_wconf 81' lang='lat' dir='ltr'>primum.</span> <span class='ocrx_word' id='word_1_275' title='bbox 1739 2734 1787 2763; x_wconf 83' lang='lat'>30.</span> <span class='ocrx_word' id='word_1_276' title='bbox 1801 2735 1855 2763; x_wconf 88' lang='lat' dir='ltr'>AB</span> 
     </span>
     <span class='ocr_line' id='line_1_36' title="bbox 537 2781 1855 2820; baseline -0.002 -9"><span class='ocrx_word' id='word_1_277' title='bbox 537 2784 569 2811; x_wconf 90' lang='lat' dir='ltr'>in</span> <span class='ocrx_word' id='word_1_278' title='bbox 590 2791 706 2819; x_wconf 63' lang='lat' dir='ltr'>marg:</span> <span class='ocrx_word' id='word_1_279' title='bbox 734 2783 909 2811; x_wconf 80' lang='lat' dir='ltr'>Diversitas</span> <span class='ocrx_word' id='word_1_280' title='bbox 926 2786 1068 2811; x_wconf 82' lang='lat' dir='ltr'>statuum.</span> <span class='ocrx_word' id='word_1_281' title='bbox 1099 2783 1237 2820; x_wconf 79' lang='lat' dir='ltr'>Dignum</span> <span class='ocrx_word' id='word_1_282' title='bbox 1256 2785 1285 2810; x_wconf 87' lang='lat' dir='ltr'>et</span> <span class='ocrx_word' id='word_1_283' title='bbox 1305 2783 1471 2818; x_wconf 67' lang='lat' dir='ltr'>indignum</span> <span class='ocrx_word' id='word_1_284' title='bbox 1488 2784 1552 2810; x_wconf 81' lang='lat' dir='ltr'>slat</span> <span class='ocrx_word' id='word_1_285' title='bbox 1571 2782 1699 2810; x_wconf 86' lang='lat' dir='ltr'>eundem</span> <span class='ocrx_word' id='word_1_286' title='bbox 1719 2790 1785 2810; x_wconf 81' lang='lat' dir='ltr'>esse</span> <span class='ocrx_word' id='word_1_287' title='bbox 1803 2781 1855 2809; x_wconf 87' lang='grc' dir='ltr'><em>Ιιο-</em></span> 
     </span>
     <span class='ocr_line' id='line_1_37' title="bbox 539 2828 1008 2865; baseline -0.002 -8"><span class='ocrx_word' id='word_1_288' title='bbox 539 2830 657 2858; x_wconf 85' lang='lat' dir='ltr'>minem.</span> <span class='ocrx_word' id='word_1_289' title='bbox 732 2828 776 2858; x_wconf 85' lang='lat'>31.</span> <span class='ocrx_word' id='word_1_290' title='bbox 799 2830 836 2858; x_wconf 84' lang='lat' dir='ltr'>ss:</span> <span class='ocrx_word' id='word_1_291' title='bbox 851 2829 1008 2865; x_wconf 80' lang='lat' dir='ltr'>policitus.</span> 
     </span>
    </p>
   </div>
   <div class='ocr_carea' id='block_1_7' title="bbox 609 2912 1412 2957">
    <p class='ocr_par' dir='ltr' id='par_1_9' title="bbox 609 2912 1412 2957">
     <span class='ocr_line' id='line_1_38' title="bbox 609 2912 1412 2957; baseline -0.005 -10"><span class='ocrx_word' id='word_1_292' title='bbox 609 2921 640 2954; x_wconf 89' lang='lat'>7.</span> <span class='ocrx_word' id='word_1_293' title='bbox 668 2913 760 2955; x_wconf 88' lang='lat' dir='ltr'>Opp.</span> <span class='ocrx_word' id='word_1_294' title='bbox 787 2913 856 2954; x_wconf 88' lang='lat' dir='ltr'>(ed.</span> <span class='ocrx_word' id='word_1_295' title='bbox 882 2913 999 2954; x_wconf 84' lang='lat' dir='ltr'>Migne</span> <span class='ocrx_word' id='word_1_296' title='bbox 1023 2918 1046 2944; x_wconf 89' lang='lat' dir='ltr'>t.</span> <span class='ocrx_word' id='word_1_297' title='bbox 1075 2912 1205 2957; x_wconf 82' lang='lat' dir='ltr'>LXIII),</span> <span class='ocrx_word' id='word_1_298' title='bbox 1231 2921 1308 2954; x_wconf 81' lang='lat' dir='ltr'>pag.</span> <span class='ocrx_word' id='word_1_299' title='bbox 1336 2919 1412 2953; x_wconf 90' lang='lat'>720.</span> 
     </span>
    </p>
   </div>
  </div>
 </body>
</html>
