2078 3338
243 284 333 313 CAP.
353 274 408 331 11.]
641 287 699 318 DE
729 288 1008 320 POTESTATE
1036 288 1166 319 PAPE.

241 391 413 431 Petrus
461 392 608 431 debet
650 391 808 432 facere
851 392 956 443 hoc,
1000 392 1112 431 licet
1155 405 1251 431 non
1295 392 1355 432 sit
1385 405 1562 441 verum,

242 461 371 514 quod
401 461 493 501 hoc
524 461 648 515 facit,
684 466 732 501 et
762 474 851 514 per
883 474 1184 514 consequens
1213 474 1309 501 non
1330 461 1562 502 intentum

240 530 319 570 vel
349 529 545 570 volitum
578 544 603 570 a
635 530 752 572 Deo,

297 599 359 640 Et
399 605 534 653 patet
578 601 708 653 quod
751 613 844 640 non
892 604 1147 640 excusatur
1191 600 1277 639 sed
1315 606 1562 641 accusatur

207 669 395 710 §ocium
435 671 735 710 sacerdotum
774 670 962 710 dicente
994 670 1257 723 Apostolo:
1298 670 1563 711 Hortamur

239 753 318 780 vos
360 752 413 780 ne
458 741 505 780 in
549 753 748 781 vacuum
788 741 1007 793 graciam
1039 740 1123 780 Dei
1153 741 1400 793 recipiatis.
1455 740 1562 793 Qui-

240 822 427 863 cunque
452 809 575 850 enim
598 809 796 863 aliquam
819 815 1111 863 potestatem
1136 823 1160 850 a
1179 810 1287 850 Deo
1310 811 1562 864 receperit,

237 892 327 932 per
370 892 509 932 quam
551 879 696 920 liceat
746 879 837 920 sibi
882 892 1003 933 opus
1047 879 1141 919 Dei
1190 879 1349 920 facere
1403 886 1450 921 et
1503 895 1564 921 ex

237 948 539 1002 negligencia
580 949 901 1002 pretermittit,
945 949 992 989 in
1023 962 1196 989 vanum
1234 949 1439 1002 graciam
1470 951 1564 991 Dei

184 1039 223 1060 10
236 1018 420 1072 recipit.
452 1018 515 1059 Et
544 1018 592 1059 in
613 1020 704 1059 hoc
724 1018 957 1059 imitamur
981 1032 1079 1070 eOS,
1114 1018 1194 1072 qui
1218 1032 1280 1059 ex
1308 1019 1562 1061 omissione

236 1087 467 1129 instanter
498 1088 741 1142 operando
773 1090 952 1129 bonum
976 1094 1301 1141 peccaverunt
1325 1090 1560 1132 continue.

295 1157 350 1198 In
392 1158 484 1198 hoc
528 1163 686 1198 tamen
739 1163 812 1198 est
858 1158 1038 1211 duplex
1083 1158 1234 1211 culpa,
1287 1159 1436 1212 prima
1488 1165 1562 1200 est

235 1227 539 1281 negligencia
560 1232 849 1281 potentatus,
867 1233 914 1268 et
937 1228 1147 1267 secunda
1169 1227 1328 1280 maior,
1347 1228 1560 1269 crebrior

238 1303 284 1337 et
305 1296 622 1351 periculosior
645 1302 717 1337 est
738 1297 926 1337 vetacio
952 1298 1158 1344 sathane,
1186 1311 1278 1351 qua
1301 1299 1559 1339 adversans

181 1367 434 1420 15impedit
477 1380 538 1407 ne
582 1372 861 1420 potentatus
895 1372 1120 1407 exerceat
1153 1372 1465 1420 potestatem3
1514 1373 1561 1408 et

233 1439 325 1478 hoc
380 1435 614 1489 contingit
664 1450 751 1490 per
801 1436 926 1476 mille
977 1437 1229 1477 meandros
1287 1436 1559 1477 tradicionis

233 1508 446 1560 humane,
481 1512 529 1546 et
560 1505 831 1559 specialiter
862 1520 950 1560 per
980 1506 1090 1547 ficta
1122 1507 1181 1546 de
1214 1506 1560 1549 iurisdiccione.

236 1576 435 1630 Quando
470 1581 623 1616 autem
655 1590 750 1617 non
785 1582 880 1616 stat
911 1590 998 1629 per
1028 1576 1156 1616 illum
1180 1576 1261 1629 qui
1291 1576 1557 1617 immediate

232 1648 378 1686 habet
419 1650 708 1699 potestatem
756 1646 841 1686 sed
872 1659 960 1699 per
992 1645 1130 1686 alium
1167 1646 1558 1687 irracionabiliter

175 1734 217 1757 20
232 1715 612 1769 restringentem,
644 1721 758 1756 tunc
789 1729 885 1756 non
917 1715 1009 1756 sibi
1041 1716 1127 1756 sed
1154 1716 1229 1756 alii
1252 1722 1324 1756 est
1347 1716 1558 1757 debitum

232 1785 579 1839 imputandum3
613 1786 699 1825 sed
731 1786 823 1826 hoc
854 1799 959 1826 raro
995 1786 1242 1839 contingit,
1283 1799 1385 1826 cum
1419 1800 1558 1826 causa

232 1854 425 1895 martirii
466 1855 592 1895 foret
634 1855 871 1896 hominem
916 1869 967 1896 se
1001 1869 1247 1909 exponere
1280 1869 1368 1909 pro
1404 1856 1556 1897 distri-

230 1924 435 1964 bucione
467 1925 694 1978 prudenti
724 1925 935 1966 thesauri
965 1925 1169 1967 Domini.

289 1994 427 2034 Unde
460 1994 650 2036 videtur
680 1995 852 2046 multis,
898 1996 1028 2049 quod
1059 1997 1193 2036 Deus
1227 2009 1324 2036 non
1355 1996 1559 2037 intendit

174 2074 215 2106 25
230 2069 282 2104 ut
312 2069 488 2117 potens
519 2064 660 2105 faciat
690 2065 784 2106 tale
817 2079 958 2119 opus3
991 2079 1081 2106 nec
1102 2066 1248 2106 habet
1269 2072 1557 2119 potestatem

232 2133 289 2173 ad
332 2134 438 2186 hoc,
484 2135 570 2174 sed
611 2136 758 2176 habet
800 2141 1093 2189 potestatem
1135 2140 1188 2175 ut
1225 2142 1463 2176 mereatur
1496 2149 1557 2176 ex

114 2211 193 2245 166⁶l
229 2203 322 2243 hoc
368 2204 498 2257 quod
535 2203 700 2245 nititur
731 2205 788 2245 ad
833 2205 900 2245 sic
935 2206 1185 2259 agendum.
1238 2205 1337 2246 Alii
1365 2204 1369 2260 Ι
1399 2211 1555 2246 autem

231 2272 393 2314 dicunt
436 2274 566 2327 quod
609 2275 755 2316 habet
798 2281 1091 2329 potestatem
1134 2281 1363 2317 remotam
1396 2276 1455 2316 ad
1488 2276 1555 2316 sic

230 2342 511 2397 faciendum,
562 2345 654 2384 hoc
706 2350 792 2394 est,
844 2351 1135 2398 potestatem
1188 2346 1406 2397 mediate,
1465 2359 1556 2399 qua

173 2417 394 2464 30potest
431 2412 499 2452 sic
536 2412 710 2465 facere,
758 2420 805 2454 et
848 2420 1004 2455 tamen
1037 2414 1170 2456 Deus
1214 2429 1310 2455 non
1352 2415 1555 2456 intendit

231 2480 507 2534 simpliciter
554 2484 684 2535 quod
733 2483 800 2523 ita
850 2483 1005 2533 faciet,
1060 2490 1108 2525 et
1159 2485 1227 2525 sic
1276 2486 1423 2525 habet
1472 2498 1554 2538 po-

230 2555 453 2591 testatem
496 2551 565 2591 sic
608 2552 822 2606 faciendi,
867 2554 952 2593 sed
996 2567 1093 2594 non
1137 2555 1196 2595 ad
1231 2555 1369 2595 finem
1403 2560 1455 2594 ut
1487 2554 1554 2594 sic

230 2618 382 2660 faciat.

302 2821 347 2841 10.
368 2813 409 2841 B:
432 2816 462 2840 et
481 2814 577 2842 deest.
654 2823 694 2842 11.
715 2815 854 2844 Rectius:
875 2816 1039 2852 operandi.

303 2909 333 2942 5.
359 2909 396 2940 II.
425 2909 503 2943 Cor,
524 2910 580 2953 VI⁷
604 2921 630 2941 1.

1798 291 1852 329 23

1623 621 1762 649 Idleness
1783 623 1817 649 of

1657 657 1768 691 priests

1618 692 1811 718 condemned

1614 727 1652 761 by
1673 726 1718 754 St.
1740 727 1823 754 Paul.

1610 1167 1677 1195 The
1696 1169 1773 1195 fault
1792 1168 1818 1195 is

1646 1203 1777 1237 double;

1604 1238 1835 1300 1ῖῖξὲξὲΕῶἓί

1599 1280 1676 1334 gave
1699 1316 1815 1343 power.

1586 1596 1613 1615 2.
1635 1587 1832 1614 Hindrauces

1581 1623 1615 1649 of
1631 1622 1837 1657 jurisdiction.
