2078 3338
301 276 315 302 1
327 274 376 313 72
1019 269 1245 303 JOHANNIS
1271 267 1456 301 WYOEJF
1691 255 1796 309 [CAP.
1818 262 1897 293 vm.

586 374 832 416 influencia
869 374 1058 416 celestis
1089 375 1167 414 vel
1206 378 1280 413 est
1318 371 1559 413 sanctitati
1594 370 1901 425 impertinens

585 446 664 485 vel
691 446 696 500 Ι
723 445 828 484 loca
860 449 969 486 sunt
999 443 1086 483 alia
1116 443 1265 496 magis
1297 448 1417 496 apta.
1942 454 2025 488 203d

320 512 533 547 Againstffiis
642 513 875 564 Similiter,
914 512 953 554 si
982 514 1117 554 locus
1157 512 1282 565 capit
1314 512 1623 565 sanctitatem,
1661 525 1749 564 per
1778 512 1902 552 idem

327 554 377 574 ma
418 547 452 573 be
473 551 519 573 set

326 555 537 616 Ῑῒὸζῡῃῦῖῑοῦ
581 583 966 623 malediccionem
999 585 1055 624 ab
1087 582 1253 622 incolis
1292 582 1473 622 facinus
1503 581 1903 622 committentibus

328 616 531 678 qukffiffigs·
581 652 628 692 in
661 652 843 705 eodem,
883 658 934 692 ut
971 657 1106 705 patet
1136 651 1195 693 II.
1226 651 1417 705 Regum
1455 651 1605 704 primo
1645 652 1704 691 de
1742 657 1935 695 monte5

583 721 781 764 Gelboe.
835 720 934 763 Sed
964 721 1121 761 Rome
1166 722 1223 761 ab
1266 720 1631 774 imperatoribus
1677 726 1724 760 et
1763 719 1900 760 carni-

580 790 749 831 ficibus
772 790 862 832 sibi
884 790 1124 843 subiectis,
1149 789 1228 842 qui
1255 790 1612 842 permanencius
1633 789 1902 829 incolebant

579 860 735 899 locum
779 864 892 912 post
936 864 985 899 et
1029 864 1136 898 ante
1181 872 1318 911 quam
1350 864 1592 911 martyres,
1634 858 1722 898 fuit
1755 858 1902 898 multi-

580 928 750 981 plicius
782 928 961 968 facinus
984 933 1323 981 perpetratum,
1355 928 1500 981 igitur
1526 929 1658 968 locus
1679 928 1756 967 ille
1778 927 1903 968 foret

583 997 857 1038 evidencius
888 996 1178 1038 maledictus.
1220 997 1281 1036 Et
1311 998 1359 1036 in
1391 997 1572 1049 signum
1603 997 1740 1037 huius
1772 996 1960 1039 multi10

581 1080 707 1120 pape
738 1066 926 1122 fugiunt
962 1067 1089 1106 illum
1121 1068 1289 1118 locum,
1329 1066 1450 1107 sicut
1482 1066 1670 1106 Balaam
1701 1071 1902 1119 propter

581 1135 932 1176 influenciarum
973 1136 1248 1176 varietatem
1293 1135 1407 1175 fecit
1445 1136 1602 1176 altaria
1634 1135 1812 1187 variari,
1852 1141 1902 1175 ut

583 1206 752 1247 dicitur
784 1206 978 1246 Numeri
1008 1206 1199 1246 XXIII.

354 1285 517 1313 Moreover
642 1274 873 1326 Similiter,
912 1275 952 1315 si
990 1275 1213 1316 sanctitas
1251 1280 1506 1329 martyrum
1544 1275 1679 1327 fugat
1720 1274 1900 1314 facinus

305 1321 565 1392 Ἰῑῗιῑὲιῗὲῗῗῗεῗέιῖ
583 1350 629 1385 et
660 1346 814 1386 locum
847 1345 1118 1396 sanctificat,
1148 1345 1408 1396 Jerusalem
1440 1344 1565 1385 foret
1595 1346 1728 1385 locus
1773 1357 1900 1384 sanc·
1921 1354 1957 1386 15

581 1414 801 1463 tissimus,
836 1427 939 1454 cum
970 1414 1036 1454 ibi
1065 1414 1330 1467 predicavit
1364 1419 1411 1454 et
1438 1427 1628 1467 passum
1649 1413 1738 1454 fuit
1760 1418 1901 1466 caput

579 1489 849 1537 martyrum,
899 1483 964 1523 ibi
1008 1483 1192 1524 occisus
1236 1489 1311 1524 est
1353 1488 1553 1537 uterque
1598 1483 1805 1534 Jacobus
1853 1488 1901 1522 et

579 1553 712 1593 multi
742 1558 987 1607 martyres,
1028 1566 1137 1606 ymo
1174 1552 1223 1592 in
1254 1553 1406 1593 veteri
1439 1558 1722 1594 testamento
1755 1552 1900 1593 occisi

581 1628 688 1663 sunt
709 1622 910 1675 plurimi,
933 1628 984 1662 ut
998 1627 1199 1663 testatur
1215 1621 1428 1663 Christus
1444 1623 1606 1664 Matth.
1621 1622 1810 1675 XXIII,
1826 1635 1898 1675 37:

578 1692 838 1733 Jerusalem
881 1704 964 1744 qne
1018 1693 1186 1733 occidis
1229 1693 1475 1745 prophetas
1518 1696 1557 1733 et
1599 1693 1783 1745 lapidas
1828 1705 1901 1732 eos
1915 1708 1958 1731 20

578 1764 655 1814 qni
699 1763 761 1803 ad
803 1766 842 1802 te
884 1763 1018 1803 missi
1059 1766 1176 1812 sunt,
1222 1767 1270 1801 et
1312 1762 1395 1802 IV.
1427 1762 1619 1815 Regum
1651 1761 1840 1813 XXIV,
1874 1776 1898 1813 4

579 1831 799 1872 scribitur
842 1831 1080 1885 quomodo
1137 1831 1380 1873 Manasses
1426 1832 1584 1885 effitdz't
1625 1832 1899 1884 sangninem

578 1903 815 1942 innoxium
838 1905 877 1942 et
898 1902 1102 1954 implevit
1115 1900 1377 1942 Jerusalem
1392 1913 1554 1942 cruore
1573 1901 1900 1951 innocencium,

580 1974 619 2011 et
650 1972 701 2011 ob
723 1971 839 2011 hanc
862 1983 962 2011 rem
984 1971 1129 2011 nolnit
1150 1971 1368 2011 dominns
1392 1971 1663 2023 propiciari.
1695 1970 1901 2010 Difficile

581 2045 735 2079 autem
780 2045 852 2080 est
896 2039 1177 2093 sompniare,
1221 2039 1270 2079 in
1315 2052 1405 2092 qua
1434 2038 1626 2079 istarum
1663 2038 1901 2079 civitatum
1918 2046 1957 2078 25

580 2108 723 2150 occisi
746 2114 856 2149 sunt
877 2109 1038 2162 plures
1061 2108 1299 2162 martyrio.
1332 2107 1430 2149 Sed
1453 2113 1633 2148 certum
1670 2113 1743 2149 est
1775 2108 1903 2161 quod

582 2178 794 2219 Christus
825 2178 1090 2232 predicans,
1129 2191 1415 2219 conversans
1449 2183 1497 2218 et
1529 2178 1715 2219 occisus
1751 2177 1799 2218 in
1830 2178 1902 2229 Je-

579 2249 793 2301 rusalem,
825 2248 1057 2288 infinitum
1091 2247 1282 2288 excedit
1314 2252 1465 2287 totum
1499 2247 1750 2301 collegium
1781 2260 1901 2287 mar-

581 2323 737 2371 tyrum
768 2317 926 2357 Rome
959 2319 1037 2357 vel
1077 2317 1185 2358 alibi
1223 2310 1500 2369 occisorum,
1541 2322 1589 2356 et
1619 2322 1782 2370 preter
1814 2317 1902 2357 hec

581 2387 713 2428 locus
745 2391 818 2427 est
850 2387 1100 2428 sanctitate
1135 2386 1381 2439 antiquior.
1919 2393 1961 2424 30

354 2455 498 2483 11581101
640 2455 713 2495 Ex
748 2455 852 2497 istis
893 2456 1128 2510 colligitur
1167 2456 1294 2509 quod
1343 2468 1431 2495 nec
1461 2455 1553 2496 iste
1592 2455 1798 2508 quinque
1835 2469 1901 2495 ra-

351 2490 443 2517 roved
464 2490 528 2516 that

303 2499 554 2587 offfizeoffifflssffist
584 2526 742 2566 ciones
773 2539 862 2565 nec
895 2526 982 2565 alie
1025 2526 1250 2579 fingende
1284 2525 1525 2566 stabiliunt
1557 2526 1684 2578 quod
1711 2530 1904 2578 oportet

355 2594 392 2621 be
412 2602 504 2629 pope.
580 2594 770 2635 realiter
801 2595 1067 2635 Romanum
1099 2594 1374 2648 pontificem
1407 2607 1512 2635 esse
1543 2607 1727 2647 papam.
1766 2593 1904 2634 Multi

584 2664 706 2704 enim
748 2664 955 2705 Romani
997 2664 1249 2718 pontifices
1290 2663 1294 2717 Ι
1334 2663 1455 2705 sicut
1499 2668 1546 2703 et
1590 2663 1902 2716 imperatores
1942 2671 2021 2709 204⁹

585 2739 717 2774 erant
746 2734 940 2787 pessimi
972 2734 1243 2785 antichristi,
1277 2739 1325 2774 et
1348 2733 1510 2774 civitas
1532 2733 1609 2773 illa
1632 2746 1735 2773 cum
1757 2737 1901 2785 gente
1922 2739 1960 2772 35

657 2901 699 2929 14.
719 2893 773 2920 AB
793 2893 823 2920 in
846 2901 960 2929 marg:
980 2894 1150 2922 Jerusalem
1172 2894 1254 2920 locus
1275 2894 1419 2920 sancciw·
1438 2892 1545 2920 Roma.
