2078 3338
225 286 307 328 244

271 1524 388 1564 Except
406 1523 454 1551 for

290 1559 432 1595 spiritual

251 1594 401 1629 blessings
420 1601 467 1621 we

281 1630 392 1657 should
415 1628 450 1655 be

258 1665 418 1692 moderate
437 1664 467 1691 in

263 1707 321 1727 our
342 1706 468 1735 prayers

338 1734 398 1762 and

247 1768 435 1798 submissive
455 1773 485 1796 to

270 1804 368 1832 God's
389 1804 462 1832 will.

946 285 1171 320 „IOHANNIS
1198 285 1384 319 WchF
1659 273 1768 328 [CAP.
1789 280 1826 312 x.

513 391 621 431 Yob
645 391 794 444 primo
823 391 997 445 legitur
1029 392 1269 446 quomodo
1293 391 1425 431 Deus
1458 390 1589 431 dedit
1620 390 1827 443 dyabolo

511 466 801 514 potestatem
840 462 898 501 ad
935 463 1262 515 temptandum
1298 462 1491 502 beatum
1524 459 1634 500 Yob
1672 460 1719 500 in
1758 460 1829 500 sui

515 530 843 571 confusionem
889 536 937 571 et
981 531 1131 571 sancti
1172 530 1526 585 probacionem‚
1572 529 1639 569 sic
1684 528 1829 569 eciam

514 600 741 640 demones
775 600 985 641 exauditi
1008 607 1117 641 sunt
1137 601 1347 654 petendo
1371 613 1422 640 se
1445 598 1566 640 mitti
1587 599 1634 638 in
1655 611 1829 652 porcos

511 669 626 711 Mar.
649 669 707 721 V,
742 675 789 710 et
820 669 887 710 sic
909 669 1155 710 Israhelite
1190 668 1400 710 exauditi
1431 674 1540 709 sunt
1572 668 1863 709 secundum-⁷7

513 751 646 779 suum
691 739 990 789 desiderium,
1035 739 1204 781 scilicit
1248 738 1576 791 confusionem
1618 737 1665 778 in
1710 737 1831 778 escis

515 809 793 859 carnalibus,
818 815 869 850 ut
896 815 1034 862 patet
1061 810 1276 849 Psalmus
1292 808 1545 861 LXXVII,
1568 821 1642 858 30:
1673 807 1833 849 Adhuc

514 890 607 919 esce
639 891 798 919 eorum
832 883 963 919 eraut
994 880 1039 919 in
1068 891 1145 919 ore
1176 879 1383 931 ipsorum
1408 882 1446 918 et
1469 880 1545 918 ira
1566 877 1652 918 Dei
1672 890 1829 918 ascen-

514 949 582 988 dit
623 961 762 1001 super
805 961 888 989 eos.
945 947 1042 990 Sed
1072 949 1339 1001 Apostolus
1386 948 1634 988 exauditus
1680 952 1754 987 est
1785 946 1833 987 in

516 1017 750 1058 contrario
784 1017 918 1068 illius,
953 1018 1082 1070 quod
1112 1017 1268 1070 peciit.
1303 1017 1420 1057 Nam
1454 1016 1511 1058 II.
1536 1016 1639 1057 Cor.
1666 1016 1779 1066 XII,
1808 1019 1891 1057 810

515 1086 582 1127 ita
603 1087 734 1127 dicit:
772 1087 808 1128 T
805 1100 855 1127 er
876 1087 1128 1128 Dominum
1157 1088 1327 1140 rogavi,
1361 1090 1409 1127 ut
1431 1088 1678 1128 discederet
1702 1099 1731 1128 a
1762 1099 1834 1127 me

515 1158 706 1209 angelus
736 1158 937 1210 sathane,
971 1160 1010 1197 et
1041 1157 1153 1197 dixit
1184 1157 1320 1197 mihi:
1351 1155 1533 1208 Sufficit
1563 1158 1642 1197 tihi
1667 1159 1834 1210 gracia

515 1238 631 1274 mea,
676 1238 786 1266 mam
831 1226 977 1266 virtus
1019 1227 1067 1266 in
1110 1224 1380 1277 imfirmitate
1410 1226 1662 1278 perficitur.
1714 1225 1834 1268 Sunt

516 1295 638 1335 enim
690 1295 903 1335 nonnulli
968 1295 1049 1349 qui
1110 1308 1170 1335 ex
1231 1295 1445 1335 carencia
1500 1295 1833 1348 temptacionis

516 1364 810 1418 superbiunt,
857 1370 906 1405 et
937 1370 1046 1405 sunt
1076 1364 1289 1405 nonnulli
1334 1364 1414 1417 qui
1458 1378 1518 1404 ex
1557 1365 1889 1406 fortitudinexi

515 1434 849 1488 temptacionis
900 1434 1118 1475 senciunt
1164 1434 1221 1474 de
1267 1447 1319 1474 se
1362 1434 1480 1487 ipsis
1524 1434 1742 1476 humilius
1788 1440 1837 1475 et

517 1504 771 1558 gloriosius
788 1510 1074 1544 coronantur
1085 1519 1095 1555 ;
1121 1509 1169 1544 et
1189 1504 1299 1544 ideo
1314 1509 1477 1556 preter
1494 1504 1836 1545 beatitudinem

519 1579 566 1614 et
598 1573 684 1614 alia
714 1587 803 1627 per
836 1587 887 1614 se
918 1574 1045 1614 bona
1078 1574 1307 1614 debemus
1342 1573 1731 1615 condicionaliter
1755 1588 1836 1628 pe-

518 1649 620 1684 tere
659 1644 916 1693 moderate,
956 1649 1007 1684 ut
1044 1644 1256 1697 petendo
1290 1643 1572 1697 temporalia
1605 1644 1836 1684 debemus

518 1713 707 1753 modum
754 1713 1022 1764 attende1·e;
1071 1719 1119 1753 et
1151 1713 1539 1754 condicionaliter
1572 1719 1753 1766 petere,
1797 1713 1894 1754 si20

520 1788 568 1823 et
600 1788 832 1836 quatenus
864 1782 1004 1823 nobis
1037 1788 1251 1836 prosunt.
1305 1783 1365 1824 Et
1397 1784 1486 1823 hec
1518 1783 1659 1834 racio,
1693 1797 1837 1837 quare

518 1852 722 1906 petimus
768 1854 854 1893 sub
899 1852 1050 1893 forma
1091 1852 1225 1906 panis
1272 1852 1514 1893 cottidiani
1564 1853 1839 1906 temporalia

517 1922 784 1963 necessaria
804 1922 948 1963 hodie
980 1922 1119 1963 nobis
1153 1922 1265 1972 dari7
1300 1936 1391 1976 que
1412 1923 1678 1976 Apostolus
1701 1930 1838 1964 vocat

519 1992 783 2046 presencia.
829 1992 890 2033 Et
922 1998 1121 2042 constat,
1155 1993 1283 2045 quod
1315 1992 1451 2032 nimis
1480 1992 1603 2033 levis
1637 1998 1711 2033 est
1743 1992 1838 2033 evi-

521 2062 699 2113 dencia,
727 2063 862 2102 Deus
887 2061 1105 2102 concedit
1137 2061 1283 2102 eciam
1308 2062 1482 2102 sanctis
1515 2061 1698 2115 copiam
1725 2068 1837 2103 tem·
1856 2065 1895 2098 25

519 2132 749 2186 poi-alium
773 2137 820 2172 et
841 2132 1037 2186 gloriam
1060 2132 1352 2181 mundanam,
1382 2132 1527 2185 igitur
1550 2132 1616 2173 eis
1641 2131 1841 2185 expedit

520 2203 598 2242 vel
630 2206 704 2242 est
733 2201 911 2242 licitum
943 2201 1011 2241 sic
1045 2201 1235 2251 habere7
1276 2201 1488 2254 quamvis
1528 2201 1622 2242 sint
1653 2201 1838 2241 aliunde

523 2272 647 2324 apud
677 2270 833 2310 Deum
870 2269 1144 2320 laudabiles,
1177 2275 1502 2311 verumtamen
1540 2283 1635 2311 non
1669 2270 1715 2310 in
1747 2270 1839 2311 illo.

521 2340 659 2381 Unde
695 2340 882 2381 videtur
916 2341 1044 2394 quod
1080 2340 1231 2380 nostri
1265 2340 1482 2394 episcopi
1514 2346 1623 2381 sunt
1653 2339 1838 2381 Christo

519 2409 803 2463 ingratiores
837 2423 975 2463 quam
997 2408 1215 2451 scarioth
1248 2415 1295 2450 et
1326 2409 1447 2463 legis
1475 2410 1652 2450 veteris
1686 2423 1840 2450 sacer·
1858 2414 1898 2446 30

523 2480 682 2530 dotes;
734 2479 828 2533 ipsi
872 2479 993 2520 enim
1036 2484 1292 2519 tenuerunt
1337 2492 1387 2519 se
1433 2479 1839 2532 superficietenus.

524 2550 681 2602 quoad
723 2549 1060 2603 possessiones
1103 2548 1150 2589 in
1193 2548 1417 2589 limitibus
1449 2548 1571 2602 legis
1603 2549 1710 2599 Dei,
1756 2549 1841 2589 sed

593 2725 620 2756 7.
645 2720 761 2748 Codd.:
789 2720 899 2748 Psalm.
925 2720 1056 2748 LXXIX.
1133 2720 1175 2748 13.
1203 2720 1320 2748 Codd.:
1348 2721 1378 2748 in
1399 2720 1565 2755 firmitate.
1640 2719 1690 2748 32.
1720 2719 1757 2747 B:
1783 2719 1845 2747 Dei

525 2768 621 2795 deest.

596 2850 694 2892 5--7,
727 2850 959 2893 Matth.V111‚
996 2851 1054 2890 32;
1093 2851 1196 2884 Num.
1230 2851 1288 2891 XI,
1320 2851 1378 2891 333
1421 2850 1551 2882 Psalm.
1589 2850 1754 2890 LXXVII,
1789 2850 1842 2883 30.

524 2909 658 2940 Eadem
685 2909 843 2950 exempla
871 2909 904 2939 in
931 2909 1040 2940 Serm.
1066 2909 1114 2941 St.
1142 2909 1326 2950 Augustini
1354 2908 1375 2941 l.
1403 2918 1431 2941 c,
